6900 6792
1320 795 1888 910 Auntrrrcn
2222 755 2223 758 Ὗ
2348 799 2410 920 m
2477 780 2589 861 ·'

839 990 843 995 ‘
922 977 1023 1058 Duae
1041 947 1227 1057 diametri
1248 971 1283 1056 se
1304 971 1406 1084 ipsos
1427 971 1677 1071 interserent,
1698 973 1739 1055 u
1759 975 1808 1056 ad
1828 970 2055 1072 seinvicem
2075 974 2304 1056 constanter
2325 991 2415 1082 ten·

864 1100 965 1182 dant
990 1101 1030 1179 dt
1054 1097 1203 1180 ultimo
1224 1114 1380 1193 coeant,
1406 1114 1498 1179 tum
1518 1096 1630 1179 locus
1650 1095 1902 1208 punctorum
1923 1095 2154 1202 hujusmodi
2174 1097 2414 1181 ultimarum

862 1224 969 1308 inter
987 1222 1208 1307 sedtionum
1229 1221 1285 1304 est
1303 1249 1437 1318 curva,
1458 1249 1581 1332 quam
1601 1219 1693 1305 dico
1713 1219 2004 1304 diametrialem
2024 1249 2202 1306 curvam.

1525 1422 1751 1497 coR.u

917 1534 976 1616 Sit
995 1563 1118 1619 curva
1139 1535 1202 1637 sn)
1225 1533 1535 1632 dimensionum,
1570 1535 1628 1634 (n)
1656 1535 1809 1619 habens
1835 1536 2090 1647 asymptotes,
2120 1540 2160 1618 dc
2185 1540 2353 1623 eandem
2373 1543 2413 1623 dt

861 1656 1151 1742 diametrialem
1172 1661 1213 1739 dt
1231 1659 1449 1741 centralem
1469 1685 1634 1740 curvam
1655 1657 1806 1742 habent
1825 1662 1865 1739 tc
1885 1660 2125 1770 asymptotes
2146 1663 2186 1741 δι
2205 1680 2357 1748 curva(

918 1781 1117 1866 Diametri
1134 1780 1244 1864 enim
1269 1782 1309 1862 dt
1329 1809 1456 1864 curvae
1476 1784 1516 1861 δι
1534 1780 1808 1892 asymptotum
1828 1781 1920 1865 sunt
1939 1785 2095 1880 eadem,
2117 1788 2156 1864 dc
2175 1787 2318 1870 exinde
2337 1819 2414 1873 eae·

862 1909 953 1989 dem
975 1906 1067 1989 sunt
1088 1909 1129 1988 dc
1151 1900 1446 1989 intersedtiones
1466 1904 1777 2015 conjugatarum
1797 1906 2100 2004 diametrorum,
2123 1911 2162 1990 tc
2181 1911 2334 1996 ultimae
2352 1916 2412 1997 di·

862 2048 1112 2113 ametrorum
1132 2027 1452 2126 interfectiones,
1472 2029 1531 2110 hae
1554 2056 1648 2110 vero
1669 2028 1967 2143 intersedtiones
1988 2030 2242 2116 constituunt
2261 2037 2413 2148 respec-

860 2152 941 2236 tire
969 2156 1185 2236 centralem
1212 2155 1252 2234 dr
1276 2152 1566 2235 diametrialem
1591 2179 1772 2251 curram,
1807 2157 1848 2235 dc
1877 2154 2166 2265 consequenter
2193 2157 2257 2241 hae
2286 2187 2414 2257 ‚curvae

860 2278 954 2360 sunt
973 2281 1130 2361 eadem.
1631 2287 1635 2290 ’
1936 2306 1939 2312 ·
2267 2306 2270 2311 ·
2391 2306 2397 2317 ·

918 2403 957 2484 Si
977 2430 1098 2485 curva
1118 2429 1203 2484 non
1223 2401 1345 2483 habet
1366 2400 1426 2508 (n)
1448 2399 1704 2512 asymptotes,
1725 2419 1816 2484 tum
1838 2401 2007 2486 inveniri
2028 2401 2190 2514 possunt
2209 2408 2411 2522 asympto·
2520 2419 2523 2425 '

850 2550 919 2633 tes
939 2530 979 2606 dr
994 2525 1159 2635 ellipses,
1175 2553 1350 2634 quarum
1369 2523 1661 2636 aquationibus
1681 2524 1724 2606 in
1744 2524 1818 2607 sese
1837 2526 1981 2621 ductis,
2003 2527 2166 2609 termini
2186 2532 2412 2621 resultantis

859 2645 1109 2763 ¹aquationis,
1139 2648 1183 2730 in
1209 2647 1356 2759 quibus
1383 2648 1648 2731 dimenfiones
1676 2648 1840 2731 absciffae
1863 2652 1904 2729 dc
1928 2648 2124 2733 ordinatae
2147 2646 2446 2761 inveniuntur

861 2774 1044 2859 maximae
1056 2774 1093 2853 &
1106 2771 1287 2883 proxime
1301 2769 1510 2880 inferiores
1531 2774 1606 2868 διε,
1627 2770 1749 2875 iidem
1770 2790 1890 2854 erunt
1909 2800 1954 2854 ac
1974 2774 2073 2854 datae
2092 2803 2231 2873 curvae,
2253 2781 2293 2860 δι
2312 2809 2412 2865 con-

859 2898 1069 3007 sequenter
1090 2897 1257 2978 eandem
1277 2897 1428 2978 habent
1447 2892 1691 2997 diametrum
1717 2898 1792 2978 &o
1819 2895 2060 3007 asymptotes
2083 2900 2123 2978 oc
2141 2899 2291 3013 ellipses
2312 2880 2412 2988 con*-

859 3021 1046 3130 jundiim,
1079 3049 1125 3102 ac
1146 3024 1239 3102 data
1258 3047 1391 3103 curva.

1514 3208 1758 3286 COR.VL

916 3319 1089 3403 Abscissa
1106 3317 1154 3401 dt.
1165 3314 1250 3426 ejus
1271 3318 1462 3402 ordinata
1480 3346 1643 3399 curvam
1665 3317 1900 3437 intersecent
1930 3313 1973 3400 in
2007 3327 2065 3430 (iz)
2090 3320 2271 3430 pundiS,
2288 3326 2328 3405 dc
2347 3354 2412 3408 ra.

858 3445 932 3541 tio,
958 3472 1083 3555 quam
1103 3445 1223 3526 habet
1250 3460 1489 3525 contentum
1511 3440 1583 3522 sub
1601 3445 1660 3548 (n)
1681 3442 1864 3551 partibus
1883 3442 2045 3526 abscisse
2059 3443 2165 3527 inter
2182 3447 2410 3531 ordinatam

859 3574 900 3651 δι
921 3571 983 3676 (η)
1012 3568 1176 3650 vertices
1202 3565 1364 3649 abscissa
1387 3564 1632 3675 interceptis,
1659 3566 1708 3646 ad
1728 3585 1969 3647 contentum
1988 3565 2059 3648 sub
2078 3567 2242 3677 fingulis
2265 3569 2323 3678 (n)
2345 3601 2413 3657 or-

855 3690 1021 3786 dinatio,
1043 3692 1191 3802 pendet
1210 3688 1426 3772 eterminis
1444 3687 1693 3799 aquationis,
1715 3688 1758 3770 in
1780 3689 1927 3799 quibus
1947 3687 2213 3776 inveniuntur
2230 3694 2415 3778 maxima

858 3819 898 3897 de
923 3812 1088 3895 abscissae
1113 3815 1153 3892 oc
1181 3811 1371 3893 ordinatae
1399 3809 1652 3917 conjunctim
1680 3809 1968 3906 dimensionem
2004 3816 2043 3892 dc
2070 3813 2357 3925 consequenter
2382 3819 2413 3903 fi

747 3993 750 4004 ·
859 3965 980 4021 curva
999 3936 1119 4017 habet
1140 3939 1198 4036 (n)
1221 3935 1486 4044 asymptotes,¹
1502 3939 1542 4014 dc
1562 3936 1700 4017 eadem
1730 3935 1836 4017 linea
1865 3935 1921 4018 est
1947 3935 2106 4018 abscissa
2128 3940 2178 4019 ad
2209 3938 2413 4053 asympto·

711 4158 721 4165 ,
858 4079 916 4143 tes
932 4063 972 4140 u
985 4085 1162 4153 curvam,
1182 4060 1222 4136 dc
1238 4059 1285 4138 ad
1301 4056 1502 4139 abscissam
1515 4059 1705 4141 ordinata
1718 4061 1886 4141 eandem
1902 4057 2077 4140 habeant
2092 4057 2410 4161 inclinationem,

854 4174 949 4268 'tum
970 4200 1208 4264 contentum
1235 4180 1306 4262 sub
1331 4180 1494 4289 singulis
1526 4182 1584 4290 (n)
1616 4180 1970 4276 ordinatiscu'rvae,
2001 4180 2076 4264 erit
2101 4184 2151 4265 ad
2170 4206 2411 4272 contentum

859 4306 931 4391 sub
944 4306 1003 4409 (n)
1020 4304 1214 4387 ordinatis
1236 4303 1522 4414 asymptotum,
1539 4303 1583 4385 in
1602 4301 1757 4385 ratione
1777 4304 1959 4390 contenti
1974 4303 2045 4389 sub
2064 4307 2122 4414 (n)
2139 4308 2321 4417 partibus
2336 4314 2410 4393 ab·

857 4429 970 4512 sciffae
1007 4428 1112 4510 inter
1143 4425 1372 4508 ordinatam
1399 4429 1436 4506 tc
1465 4429 1522 4532 (n)
1550 4423 1714 4506 vertices
1742 4424 1906 4507 abscissae
1933 4452 2061 4506 curvae
2085 4426 2329 4540 interceptiS,
2359 4437 2410 4517 ad

857 4571 1097 4635 contentum
1119 4550 1190 4633 sub
1212 4555 1270 4655 (n)
1300 4550 1481 4661 partibus
1511 4548 1673 4630 abscissa
1698 4547 1804 4630 inter
1833 4546 2062 4630 ordinatam
2085 4554 2126 4631 dc
2156 4551 2215 4654 (n)
2243 4553 2406 4640 vertices

857 4674 1020 4759 abscissa
1039 4673 1311 4784 asymptotum
1331 4673 1572 4784 interceptis.

909 4801 968 4884 Et
987 4799 1036 4882 sic
1056 4801 1105 4879 de
1124 4796 1414 4909 asymptotibus
1435 4799 1474 4878 dt
1494 4795 1693 4908 ellipsrbue
1714 4793 1980 4904 conjundtim.
2048 4851 2049 4854 κ

1354 4983 1793 5057 conoutnnuun
1836 4983 1918 5056 vn.
2257 5073 2262 5077 ,

900 5093 1003 5181 -δίηϊ
1019 5095 1184 5179 termini
1204 5095 1460 5206 aequationis,
1480 5097 1688 5207 inquibus
1709 5097 1897 5180 maximae
1917 5096 2174 5183 invenientur
2185 5101 2354 5187 abscissae
2366 5107 2405 5186 tr

1806 5220 2359 5247 -ι--ηα-ῌ,

855 5237 1053 5326 ordinatae
1074 5239 1120 5348 (x
1137 5240 1178 5319 dt
1181 5232 1225 5349 y)
1247 5236 1525 5337 dimensiones,
1546 5257 1786 5323 contentum
1798 5251 2405 5360 y¹÷x¹xy²÷x¹xy⁸÷u',&c.

1620 5382 1622 5387 '
2315 5394 2406 5456 tum
