6900 6792
1340 905 2162 1042 eoas-Auso.
2478 916 2527 1011 xi

973 1088 1074 1172 dota
1090 1087 1306 1200 aquationis
1325 1086 1494 1171 radicum
1512 1085 1724 1195 detegendi:
1754 1085 1969 1195 infecunda*
1982 1088 2136 1173 editione
2149 1091 2291 1202 buiusce
2308 1093 2424 1203 operis
2441 1093 2527 1176 red-

972 1217 1113 1300 duntur
1132 1216 1328 1326 pradibla
1355 1214 1491 1322 regula
1517 1213 1637 1323 magis
1660 1213 1859 1322 generales,
1888 1215 2042 1297 ducendo
2069 1215 2196 1300 datam
2223 1221 2459 1327 aquationem
2484 1223 2525 1301 in

971 1363 999 1418 x
1010 1364 1114 1437 -a,
1142 1339 1187 1421 ὅ
1205 1337 1336 1421 exinde
1349 1356 1419 1448 per
1430 1337 1634 1448 pradiblas
1657 1338 1803 1446 regulas
1830 1338 2044 1421 inveniendi
2061 1371 2249 1424 numerum
2267 1343 2526 1453 impofflbilium

971 1463 1140 1545 radicum
1162 1461 1452 1572 progreeb'endo:
1482 1461 1523 1540 in
1544 1462 1679 1571 prima*
1703 1463 1860 1544 editione
1886 1492 1980 1545 anno
2007 1467 2106 1571 1762
2135 1467 2239 1549 edita*
2264 1468 2436 1551 traditur
2463 1499 2525 1549 re-

965 1589 1072 1710 gula,
1102 1588 1204 1697 cujus
1231 1604 1293 1695 ope
1313 1585 1560 1695 probabilitas
1587 1615 1717 1668 verum
1744 1586 1958 1669 inveniendi
1988 1588 2248 1697 impofflbilium
2267 1593 2435 1674 radicum
2453 1623 2523 1674 nu-

969 1741 1107 1796 tuerum
1139 1711 1292 1793 videtur
1319 1709 1383 1820 ese
1412 1709 1466 1791 ad
1487 1707 1789 1818 probabilitatem
1820 1710 1974 1791 eundum
1999 1711 2212 1795 inveniendi
2242 1743 2430 1796 numerum
2455 1733 2524 1824 per

968 1836 1154 1920 Neutoni
1180 1836 1349 1944 regulam
1371 1852 1484 1944 prope
1514 1861 1552 1914 :t
1576 1846 1666 1942 3Η
1687 1862 1697 1914 :
1717 1845 1831 1929 2¹¹·23
1847 1833 1889 1941 st
1917 1859 1979 1916 2n
2000 1837 2051 1942 st
2078 1866 2247 1919 numerus
2273 1840 2523 1949 dimerfionum

966 1957 1066 2042 data
1091 1960 1333 2071 aquationis:
1370 1957 1497 2041 deinde
1528 1957 1569 2038 in
1592 1955 1724 2065 primd
1750 1954 1906 2037 editione
1931 1959 2222 2067 transformatur
2248 1960 2338 2044 dota
2365 1969 2523 2072 aquatio

905 2131 909 2136 ·
967 2083 1008 2164 in
1031 2085 1203 2182 alteram,
1232 2087 1334 2195 cujm
1359 2084 1503 2167 radices
1516 2081 1596 2190 stat
1618 2081 1808 2190 quadrata
1833 2081 1930 2164 data
1952 2087 2167 2191 aquationis
2192 2086 2358 2169 radicum
2370 2125 2382 2182 3
2411 2092 2455 2172 to
2480 2091 2521 2174 in

952 2207 1119 2316 secundo*
1150 2208 1305 2291 editione
1333 2209 1389 2306 in,
1405 2233 1650 2317 quamcunque
1675 2205 1847 2301 alteram,
1876 2203 1976 2310 cujus
2004 2207 2147 2289 radices
2167 2210 2240 2314 snt
2267 2209 2520 2320 affirmativa,

964 2357 1045 2414 cum
1072 2329 1214 2413 radices
1240 2332 1339 2414 data
1365 2331 1582 2441 aquationis
1594 2331 1676 2435 snt
1696 2327 1896 2439 pofflbiles3
1925 2330 1968 2409 &
1996 2331 2124 2413 exinde
2138 2329 2239 2441 sape
2266 2363 2311 2413 ex
2335 2335 2520 2448 progrcffn
2591 2355 2594 2366 '

954 2467 1139 2574 sgnorum
1157 2465 1201 2546 de
1221 2478 1270 2557 ÷
1292 2466 1334 2546 in
1354 2485 1405 2557 ÷
1423 2468 1468 2548 &5
1481 2511 1537 2529 -
1555 2465 1597 2546 in
1614 2510 1671 2527 -
1684 2463 1874 2574 innotescet
1892 2494 2060 2546 numerus
2079 2467 2152 2568 q'us
2172 2469 2430 2576 impofflbilium
2450 2503 2519 2552 ra·-

961 2590 1111 2672 dicum:
1141 2590 1185 2670 in
1195 2590 1357 2696 seeundd
1374 2590 1530 2672 editione
1546 2618 1642 2670 anno
1667 2593 1772 2698 1769
1791 2589 1965 2699 impreſsd
1982 2590 2209 2693 observatum
2229 2593 2337 2698 eslere
2356 2595 2517 2702 augendo

962 2716 1026 2797 vel
1036 2714 1276 2812 diminuendo,
1292 2719 1366 2796 &a
1382 2716 1480 2796 data
1493 2713 1712 2823 aquationis
1727 2713 1868 2796 radices
1877 2732 1948 2823 per
1962 2713 2154 2823 esssiomptos
2167 2717 2391 2824 quantitates
2392 2719 2519 2825 focile

948 2843 1243 2951 semaniseslare
1262 2839 1481 2952 imposibiles
1509 2843 1665 2938 radices3
1698 2873 1780 2953 qua
1791 2841 1901 2955 priics
1920 2844 2084 2927 latuere:
2113 2863 2156 2926 at
2174 2874 2288 2928 omnes
2306 2846 2362 2924 ba
2380 2850 2518 2956 regula

953 2969 1149 3078 prodicta
1159 2986 1315 3077 perraro
1329 2969 1519 3051 invenient
1534 2999 1664 3052 verum
1679 2997 1867 3050 numerum
1882 2969 2141 3077 impofflbilium
2156 2971 2323 3052 radicum
2335 2971 2376 3051 in
2390 3002 2516 3080 aqua·

957 3094 1116 3176 tionibus
1144 3094 1343 3174 multarum
1371 3094 1633 3196 dimensonum,
1661 3096 1705 3174 {b
1723 3091 1841 3173 adbuc
1866 3093 2159 3200 demorstratione
2185 3113 2309 3202 egent3
2341 3095 2514 3202 vulgares

955 3219 1054 3305 enim
1072 3216 1379 3322 demonstrationes
1394 3213 1610 3322 solummodo
1631 3212 1792 3323 probant
1820 3215 2035 3323 imposibiles
2054 3216 2197 3298 radices
2216 3219 2263 3298 in·
2276 3216 2373 3299 tast-
2386 3246 2511 3332 aqua·-

955 3344 1052 3426 tione
1070 3342 1250 3425 contineri
1261 3379 1275 3436 3
1301 3371 1369 3422 non
1388 3369 1474 3422 vero
1493 3342 1589 3449 quod
1600 3338 1736 3448 saltem
1754 3359 1808 3420 tot
1832 3347 1930 3441 scrut,
1962 3359 2044 3449 quot
2063 3343 2210 3423 invenit
2232 3344 2388 3452 regula.-
2417 3374 2512 3426 vera

955 3469 1118 3574 resolutio
1132 3465 1368 3572 problematis
1386 3463 1433 3569 est
1445 3463 1675 3575 perdifficilis
1690 3465 1734 3546 ὅ
1748 3464 1856 3546 valde
1875 3463 2050 3573 laboriosa
2060 3505 2071 3561 3
2102 3466 2284 3573 cognitum
2303 3465 2350 3573 esl
2367 3468 2510 3550 radices

953 3619 999 3674 ett
1011 3591 1240 3702 pofflbilitate
1247 3607 1318 3696 per
1337 3587 1585 3698 aqualitatem
1603 3585 1760 3691 transtro
1774 3586 1827 3666 ad
1842 3585 2167 3694 impoffibilitatem,
2185 3616 2269 3695 ergo
2287 3587 2328 3668 in
2340 3588 2510 3694 generali

953 3717 1161 3827 resolutione
1187 3713 1328 3820 bcq'oesce
1350 3711 1587 3820 problematis
1615 3705 1741 3820 necesi
1769 3710 1816 3804 est
1843 3710 2015 3791 invenire
2039 3712 2170 3816 castem3
2202 3711 2245 3793 in
2268 3740 2341 3821 quo·
2361 3713 2505 3820 radices

953 3842 1051 3924 data
1068 3837 1284 3949 aquationis
1304 3838 1467 3919 evadunt
1485 3834 1666 3944 aquales:
1697 3833 1862 3942 resolutio
1889 3853 2010 3916 autem
2028 3835 2133 3941 bujus
2153 3845 2253 3944 casia
2279 3838 2388 3917 valde
2406 3838 2507 3948 labo·

952 3963 1049 4068 riosa
1083 3961 1129 4052 ell
1140 4001 1152 4056 3
1183 3965 1226 4046 Β
1253 3963 1498 4069 consequenter
1526 3956 1690 4064 resolutio
1714 3957 1899 4066 generalis
1922 3959 2101 4066 praditll
2127 3959 2370 4065 problematis·
2388 3969 2507 4075 magis

950 4084 1025 4168 erit
1042 4083 1244 4195 laboriosa:
1275 4083 1316 4164 in
1328 4083 1462 4190 primd
1479 4079 1634 4162 editione
1651 4079 1794 4191 biq'cesce
1813 4083 1929 4189 operis
1948 4111 2044 4163 anno
2070 4083 2171 4191 1762
2193 4082 2501 4196 editd'transsor-

948 4230 1074 4293 matur
1091 4211 1182 4290 data
1200 4209 1356 4315 aquatio
1384 4208 1425 4288 in
1442 4206 1612 4300 alteram,
1633 4204 1735 4309 cujus
1753 4207 1896 4285 radices
1908 4205 1982 4304 snt
2001 4205 2186 4312 quadrata
2205 4207 2501 4316 differentiarum

948 4337 1046 4424 data
1062 4334 1278 4440 aquationis
1297 4331 1485 4428 radicum,¹
1506 4332 1554 4414 ἐξ
1568 4329 1626 4410 ibi
1644 4329 1976 4421 animadvertitur,
2007 4340 2032 4373 “
2040 4331 2073 4430 s
2090 4348 2276 4412 mutentur
2293 4331 2504 4436 resultantis

946 4458 1161 4568 aquationis
1179 4455 1293 4565 sgna
1311 4454 1526 4540 alternatim
1545 4452 1587 4535 de
1606 4465 1658 4538 -1-
1678 4451 1719 4532 in
1742 4496 1796 4514 -·
1817 4453 1859 4533 Cb
1879 4495 1932 4511 -
1952 4451 1993 4528 in
2013 4467 2080 4543 -t-,
2109 4453 2244 4532 nullam
2264 4453 2500 4562 irnpoffibilem

945 4583 1106 4667 radicem
1132 4581 1264 4665 babere
1290 4581 1417 4664 datam
1434 4577 1685 4692 aquationem,
1706 4573 1764 4679 sn
1782 4573 1896 4654 aliter
1924 4571 2139 4681 imposibiles
2166 4573 2296 4656 babere
2314 4575 2494 4678 radices,”

944 4705 988 4788 in
1012 4704 1108 4784 atlis
1124 4703 1375 4814 philosophicis
1404 4699 1581 4788 Londin.
1610 4724 1703 4779 anno
1733 4700 1838 4805 1764
1867 4696 1975 4778 editis
2000 4694 2139 4778 dantur
2163 4696 2334 4806 extenplo
2352 4699 2495 4810 hujusce

943 4825 1280 4934 transformationis
1294 4827 1335 4906 in
1348 4821 1611 4936 aquationibus
1626 4820 1781 4930 quinque
1802 4820 2062 4922 dimensonum3
2078 4822 2122 4902 &²
2134 4819 2309 4930 inseritur
2320 4821 2410 4904 duas
2424 4856 2494 4909 ra·

942 4943 1152 5038 dlcesdata
1167 4949 1382 5061 aquationis
1397 4945 1460 5058 ese
1474 4942 1691 5056 impofflbiles
1702 4982 1715 5040 3
1727 4944 1770 5051 fi
1785 4944 1933 5026 ultimus
1946 4943 2124 5026 terminus
2143 4943 2351 5054 resultantis
2369 4975 2495 5056 aqua

942 5074 1052 5184 sionis
1063 5071 1122 5180 fit
1139 5075 1335 5186 negativus
1348 5112 1359 5169 3
1371 5069 1435 5182 sn
1454 5070 1716 5188 firmativus,
1746 5087 1823 5156 tum
1842 5070 1905 5152 vel
1920 5067 2036 5150 nullas
2054 5068 2117 5150 vel
2131 5090 2287 5182 quatuor
2302 5069 2396 5176 sore
2420 5071 2494 5154 im-

2298 5189 2491 5298 poffibiles3
