6900 6792
1070 764 1073 773 ’
1204 940 1212 945 ,
1334 811 1909 978 nuairrioa

1455 1119 1545 1228 ss
1511 1167 1540 1250 y
1560 1136 1672 1222 unde
1694 1132 1875 1324 sequitur

840 1855 989 1969 quibus
1013 1851 1217 1938 valoribus
1247 1853 1291 1955 (x
1317 1849 1358 1930 tc
1374 1856 1418 1959 y)
1440 1843 1769 1960 quamproxime
1791 1846 1980 1950 inventis,
2008 1878 2087 1965 pro
2104 1847 2152 1936 iis
2170 1853 2234 1941 vel
2252 1878 2394 1973 earum

838 1986 1102 2102 potestatibus
1127 1986 1379 2070 assumantur
1396 1979 1573 2096 proximi
1592 1979 1741 2092 integri
1759 1985 1921 2069 numeri
1940 1990 1980 2068 bc
2000 1986 2048 2069 fit
2062 1989 2307 2099 exemplum.

841 2105 846 2119 ’
894 2119 950 2198 Et
968 2115 1019 2198 sic
1033 2114 1083 2197 de
1096 2111 1352 2199 extrahendis
1369 2108 1570 2197 radicibus
1586 2107 1746 2193 diversis
1757 2112 2020 2223 potestatibus
2038 2111 2204 2211 affestis,
2219 2116 2280 2200 sed
2297 2117 2392 2201 sub·
2457 2108 2460 2115 ⁴
2537 2046 2541 2050 *
2653 2124 2687 2243 U'

836 2240 1037 2355 sequentis
1046 2239 1307 2354 problematis
1317 2265 1394 2351 ope
1405 2236 1544 2322 omnia
1554 2236 1787 2347 hujusmodi
1797 2240 2049 2350 problemata
2062 2239 2201 2327 resolvi
2211 2242 2390 2355 poliunt.

895 2364 1038 2451 Sivero
1046 2363 1308 2475 sitincognita
1317 2360 1538 2474 quantitas,
1548 2363 1611 2444 vel
1620 2361 1839 2474 incognita
1849 2362 2109 2475 quantitates,
2120 2365 2205 2449 dati
2215 2368 2401 2457 numeris

836 2511 911 2578 aut
928 2495 1119 2575 datorum
1137 2517 1406 2574 numerorum
1425 2485 1632 2588 divisores,
1655 2488 2015 2633 approximationis
2035 2518 2111 2601 opc
2130 2519 2270 2581 carum
2284 2495 2393 2584 inte·

835 2650 900 2733 gri
886 2620 1065 2705 valores
1081 2617 1251 2702 minime
1271 2616 1444 2700 inveniri
1427 2613 1639 2727 poffunt,
1668 2618 1786 2701 nulla
1803 2614 1913 2702 enim
1917 2620 2071 2730 regula
2088 2646 2165 2735 pro
2182 2618 2392 2709 invenien
2399 2658 2420 2702 ·-

798 2752 804 2773 '
835 2750 897 2832 dis
917 2774 1182 2833 numerorum
1201 2742 1436 2830 divisoribus
1458 2742 1545 2826 dari
1563 2743 1707 2856 potest

892 2881 948 2960 Et
958 2877 1008 2960 sic
1019 2873 1216 2960 demultis
1228 2872 1315 2956 aliis
1325 2871 1480 2958 casibus
1492 2873 1534 2953 tc
1545 2869 1621 2954 ad
1609 2889 1790 2983 integros
1801 2872 2063 2959 &rationales
2077 2874 2388 2987 pcrtinentibus.

891 3003 1202 3118 AEquationum,
1215 3030 1391 3114 quarum
1406 3000 1626 3112 incognitae
1639 3002 1702 3084 vel
1715 2998 2019 3114 incognitarum
2030 3003 2308 3114 quantitatum
2322 3006 2390 3092 iii-

795 3240 799 3249 Ι
834 3133 938 3246 tegri
955 3134 1122 3232 valores,
1142 3130 1237 3214 sunt
1257 3130 1449 3216 datorum
1468 3155 1736 3215 numerorum
1755 3129 1956 3229 divisores,
1980 3129 2098 3216 sicile
2124 3131 2182 3218 est
2207 3135 2300 3217 dare
2319 3163 2389 3217 eii·

834 3261 981 3374 empla.

889 3408 966 3487 Ex.
981 3431 1042 3517 gr.
1059 3398 1149 3483 Sint
1166 3394 1225 3511 (n)
1240 3394 1486 3509 aquationes
1500 3396 1651 3500 (n-t-m)
1671 3394 1898 3506 incognitas
1918 3398 2164 3508 quantitates
2179 3399 2385 3498 habentes,

833 3531 874 3612 bc
902 3527 981 3610 sint
1001 3552 1144 3609 omnes
1170 3522 1386 3636 potestates
1415 3521 1484 3632 (m)
1510 3518 1815 3630 incognitarum
1840 3521 2121 3632 quantitatum
2146 3521 2190 3605 in
2208 3521 2312 3606 datis
2331 3551 2387 3606 ae·
2434 3566 2439 3573 ·
2511 3597 2524 3606 .

835 3652 1113 3769 quationibus,
1129 3648 1406 3762 multiplicata
1419 3644 1463 3729 in
1474 3646 1728 3759 incognitam
1741 3649 2013 3758 quantitatem
2024 3654 2100 3756 (aa)
2117 3649 2175 3735 ita
2187 3650 2388 3735 transfor.

832 3799 1001 3868 meritur
1020 3778 1078 3891 (n)
1097 3775 1346 3889 aquationes
1366 3773 1410 3857 iii
1426 3801 1568 3874 unam,
1588 3793 1636 3857 ut
1654 3773 1975 3859 exterminentur
1990 3805 2135 3860 omnes
2153 3792 2292 3888 prater
2312 3774 2383 3893 (m)

831 3902 1058 4017 incognitas
1088 3901 1334 4014 quantitates
1354 3898 1591 4011 piaedistas,·
1612 3902 1653 3980 dc
1687 3906 1748 4009 (x)
1770 3898 1814 3982 in
1840 3928 1967 4014 quani
1985 3901 2119 3985 dustae
2138 3900 2319 4002 fuerunt,
2342 3908 2384 3986 bc

832 4037 1038 4124 invenitiu·
1055 4062 1266 4135 numerus,
1297 4033 1413 4143 cujus
1435 4033 1581 4117 divisor
1600 4035 1656 4118 est
1674 4032 1884 4149 incognita
1902 4038 2109 4151 quantitas
2131 4039 2207 4151 (x.)
2224 4045 2298 4127 διο.

1434 4187 1635 4268 PROB.
1676 4187 1769 4269 XV.

887 4318 1008 4402 Datis
1031 4316 1169 4400 duabus
1186 4315 1463 4427 aquationibus,
1493 4316 1583 4398 duas
1601 4317 1807 4426 incognitas
1824 4320 2050 4425 quantitates
2071 4322 2115 4422 (x
2134 4322 2173 4402 bc
2184 4323 2228 4427 y)
2245 4321 2380 4406 haban·

831 4443 941 4542 tibus,
971 4444 1143 4528 invenire
1159 4440 1358 4525 rationales
1381 4442 1591 4554 incognita,
1621 4443 1845 4553 quantitatis
1877 4442 1946 4556 (y),
1962 4447 2004 4556 st
2028 4474 2117 4555 quar
2131 4447 2241 4554 forte
2257 4448 2379 4550 habet,

830 4577 986 4662 radices.

747 4728 751 4736 '
892 4739 924 4796 i.
955 4716 1004 4794 ln
1021 4710 1125 4794 datis
1146 4710 1442 4822 aquationibus
1461 4739 1537 4823 pro
1554 4708 1763 4821 incognita
1779 4709 2007 4823 quantitate
2022 4711 2077 4820 (y)
2093 4711 2284 4800 substitue
2297 4735 2378 4807 tres

829 4842 892 4923 vel
912 4842 1046 4950 plures
1067 4841 1261 4924 terminos
1281 4839 1403 4946 hujus
1424 4839 1702 4952 progressionis
1723 4838 2055 4923 arithmetica-
2072 4867 2105 4939 i,
2124 4872 2163 4940 0,
2184 4868 2217 4944 i,
2237 4872 2274 4944 2,
2294 4850 2378 4947 ὄιες
2418 4938 2421 4944 ,

829 4967 927 5047 duas
949 4962 1194 5074 quantitates
1215 4964 1451 5049 resultantes
1469 4993 1516 5047 ex
1536 4963 1693 5075 singuli
1712 4965 1994 5052 substitutione
2012 4968 2166 5050 colloca
2183 4969 2300 5077 juxta
2314 4973 2377 5056 di.

828 5102 1052 5186 mensiones
1085 5100 1208 5185 literae
1236 5103 1311 5206 (x,)
1340 5101 1396 5184 ita
1414 5123 1462 5185 ut
1480 5101 1541 5185 illi
1568 5100 1733 5184 termini
1751 5099 1930 5213 primu'm
1950 5101 2086 5184 locuni
2107 5123 2321 5215 occupent,
2334 5105 2380 5187 in

828 5221 1104 5337 quibus-*litera
1121 5225 1194 5310 ista
1207 5230 1267 5337 (x)
1279 5225 1333 5307 est
1352 5225 1622 5337 plurimarum
1637 5225 1934 5307 dimensionum
1950 5230 2023 5307 dcc.
2037 5229 2077 5307 sc
2094 5230 2289 5339 perpetui
2308 5232 2380 5313 ab.

678 5437 680 5441 .
826 5344 977 5439 latione
997 5350 1166 5439 minoris
1185 5381 1210 5437 a
1229 5351 1373 5462 majori
1398 5355 1438 5435 bc
1457 5352 1601 5464 reliqui
1620 5353 1668 5435 de
1693 5353 1842 5449 ablato,
1862 5353 2157 5439 exterminetur·
2171 5355 2380 5464 incognita

2248 5502 2380 5587 quari·
2462 5550 2466 5556 .
