6900 6792
1350 925 2161 1061 ΔΑΕΘΕΒΚΑΙΟΕ.
2446 992 2545 1088 gv
2635 945 2648 988 ³

1000 1146 1211 1259 problema
1228 1172 1249 1229 e
1268 1139 1502 1228 redudtione
1521 1127 1710 1252 plurium
1722 1137 2003 1258 aquationum
2022 1138 2066 1224 in
2085 1168 2226 1239 unam,
2256 1140 2313 1224 ita
2339 1157 2388 1225 ut
2406 1139 2547 1252 intog·

1000 1270 1098 1355 nitae
1117 1267 1364 1381 quantitates
1383 1262 1716 1349 exterminentur.
1791 1280 1794 1287 ·

1056 1419 1095 1476 2.
1125 1391 1166 1475 si
1185 1418 1279 1474 vero
1297 1384 1520 1498 algebraica
1547 1381 1689 1466 relatio
1709 1384 1819 1467 haud
1848 1382 2104 1467 solummodo
2133 1386 2316 1469 consistat
2335 1386 2439 1470 inter
2457 1414 2548 1469 cor.

998 1518 1281 1630 respondentes
1301 1511 1516 1596 rationales
1536 1507 1686 1592 radices
1704 1506 2006 1617 incognitarum
2023 1510 2316 1619 quantitatum,
2332 1510 2394 1593 sed
2414 1513 2547 1594 invol·
2630 1585 2633 1592 .

999 1662 1067 1726 vat
1086 1644 1148 1724 vel
1176 1638 1345 1723 diversas
1374 1634 1588 1720 rationales
1609 1632 1758 1717 radices
1778 1632 1952 1741 ejusdem
1983 1631 2200 1741 incognitae
2225 1635 2465 1774 quantitatis
2486 1638 2548 1718 vel

998 1765 1213 1856 rationales
1233 1761 1343 1846 haud
1362 1758 1715 1871 correspondentes
1746 1755 1893 1841 radices
1914 1784 1935 1837 e
1954 1756 2149 1839 diverfis
2140 1756 2358 1866 incognitis
2379 1758 2545 1869 quanti·

997 1887 1172 1974 tatibus:
1202 1882 1432 1968 inveniatur
1458 1878 1633 1965 relatio
1623 1896 1730 1962 rnter
1755 1876 2013 1990 quascunque
2032 1877 2200 1962 diversas
2226 1877 2414 1962 radices
2404 1909 2546 1993 rncog-
2568 1954 2570 1958 .

996 2013 1177 2096 nitarum
1197 2006 1490 2117 quantitatum,
1510 2030 1602 2113 quae
1621 2001 1812 2114 semper
1801 2000 1974 2085 inveniri
2002 2001 2143 2113 potest,
2173 2030 2267 2086 cum
2287 2005 2406 2087 detur
2423 2033 2546 2116 gene·

996 2136 1090 2221 ralis
1111 2134 1325 2216 methodus
1344 2128 1554 2237 detegendi
1573 2154 1696 2210 unam
1718 2126 1915 2223 radicem3
1944 2128 2159 2210 methodus
2175 2127 2282 2211 enim
2287 2156 2409 2239 ,quae
2424 2157 2547 2240 gene·

900 2326 903 2330 -
996 2257 1160 2347 taliter
1149 2254 1330 2339 inveniat
1350 2280 1474 2336 unam
1498 2248 1687 2349 radicem,
1707 2250 1829 2336 etiam
1850 2252 1985 2362 plures
2002 2252 2048 2359 (st
2070 2256 2192 2336 modo
2213 2255 2345 2365 plures
2365 2253 2460 2364 sint)
2483 2285 2546 2342 ra·

998 2384 1103 2470 dices
1123 2380 1346 2463 deduceret.
1527 2475 1530 2482 ,

1053 2511 1117 2589 Ita
1135 2504 1379 2586 reducantur
1403 2496 1650 2607 aquationes
1681 2492 1915 2579 resultantes
1944 2494 1987 2580 in
2008 2523 2134 2580 unam
2156 2515 2203 2579 ut
2224 2501 2548 2588 exterminentur

996 2630 1216 2741 incognitae
1234 2626 1495 2739 quantitates,
1518 2629 1557 2706 dc
1575 2624 1622 2707 lit
1643 2624 1865 2734 problema.

1055 2783 1094 2864 3.
1123 2750 1164 2834 Si
1182 2778 1276 2832 vero
1295 2749 1406 2846 haud
1433 2746 1605 2830 inveniri
1633 2746 1751 2887 poffit
1771 2747 1912 2830 relatio
1931 2747 2037 2832 inter
2056 2746 2225 2832 diversas
2255 2751 2464 2861 praedie‘las
2484 2783 2548 2840 ra-

957 2910 969 2962 ·.
996 2878 1118 2978 dices,
1137 2883 1228 2959 tum
1246 2864 1501 2957 solummodo
1520 2900 1542 2954 e
1561 2870 1767 2954 continuis
1782 2870 2215 2983 approximationibus,
2231 2874 2546 2962 correctionibus

997 3007 1038 3088 dt
1056 2997 1298 3109 conjedluris
1317 2992 1504 3108 progredi
1525 2992 1654 3077 liceat

1054 3129 1109 3208 Et
1129 3123 1178 3205 src
1198 3123 1248 3204 de
1277 3118 1442 3202 summis
1461 3144 1483 3199 e
1502 3113 1706 3228 singulis
1696 3115 1862 3225 integris
1882 3116 2084 3201 valoribus
2114 3115 2391 3206 fundionum
2403 3120 2546 3234 praedi·

995 3250 1177 3352 storum
1166 3270 1393 3355 generum,
1427 3240 1485 3324 ita
1509 3258 1556 3323 ut
1586 3240 1649 3323 hae
1674 3239 1842 3323 summae
1867 3239 1968 3324 liant
1995 3241 2241 3352 quantitates
2261 3242 2345 3326 dati
2364 3243 2546 3357 generis,

995 3375 1035 3455 dc
1053 3372 1102 3453 de
1122 3362 1458 3452 transformandis
1478 3362 1661 3475 pluribus
1682 3361 1846 3474 hujusce
1864 3363 2019 3473 generis
2038 3363 2358 3476 aquationibus.¹

1555 3648 1656 3726 PR
1685 3629 1799 3725 OB.
1855 3646 2006 3727 LXlll.

1048 3799 1170 3883 Datis
1189 3798 1451 3909 quibuscunque
1469 3796 1742 3909 quantitatibus
1761 3796 1827 3879 uel
1847 3797 2022 3899 numeris,
2048 3825 2094 3882 ex
2111 3799 2163 3882 iis
2176 3796 2352 3907 fumare
2367 3796 2452 3881 dati
2475 3826 2543 3908 ge-

992 3924 1093 4007 neris
1111 3922 1351 4029 quantitates.

1049 4072 1335 4155 Allumantur
1344 4071 1535 4177 quaedam·
1558 4097 1606 4148 ex
1637 4069 1700 4149 his
1728 4064 2040 4177 quantitatibus,
2069 4078 2108 4154 δι
2136 4100 2183 4153 ex
2211 4073 2260 4155 iis
2286 4074 2544 4156 inveniantur

992 4195 1237 4313 quantitates
1259 4192 1516 4273 resultantes:
1548 4187 1573 4268 st
1594 4214 1687 4270 vero
1707 4218 1755 4271 ex
1776 4190 1839 4272 his
1859 4193 2157 4333 quantitatibus
2178 4196 2286 4277 haud
2310 4195 2541 4280 formentur
2623 4190 2625 4194 ⁵

989 4322 1236 4439 quantitates
1266 4317 1349 4399 dati
1380 4314 1559 4426 generis;
1589 4314 1787 4396 continuo
1817 4314 2071 4426 corrigantur
2100 4320 2161 4400 vel
2190 4322 2539 4435 approximentur,

986 4449 1112 4558 usque
1130 4446 1257 4525 donec
1278 4444 1327 4521 ad
1348 4466 1459 4521 veros
1481 4439 1631 4522 valores
1655 4459 1893 4547 perventum
1916 4441 1984 4523 est

1043 4571 1119 4648 Ex.
1152 4565 1238 4644 Sint
1258 4578 1503 4670 quantitates
1533 4563 1635 4641 datae
1664 4588 1806 4642 omnes
1835 4560 1929 4643 cubi
1959 4559 2131 4659 numeri,
2162 4563 2426 4675 &quantitas
2451 4567 2535 4654 datr
2599 4585 2601 4589 '

983 4691 1139 4802 generis
1160 4688 1378 4797 quadratus
1410 4714 1626 4781 numerus;
1658 4684 1887 4800 requiratur
1915 4686 2091 4770 invenire
2120 4692 2269 4771 cubum
2300 4718 2534 4794 numerum,

984 4813 1054 4924 qui
1076 4811 1233 4896 additus
1253 4812 1443 4894 omnibus
1465 4809 1543 4895 suis
1566 4810 1747 4923 partibus
1768 4809 1958 4921 aliquotis
1982 4812 2169 4897 conficiat
2189 4815 2447 4924 quadratum.

1045 4934 1310 5019 Allumantur
1332 4937 1450 5023 multi
1478 4937 1572 5021 cubi
1601 4935 1761 5021 numeri
1781 4934 1954 5036 minimi,
1984 4940 2023 5020 dc
2043 4933 2300 5023 inveniantur
2319 4960 2532 5050 aggregata

1647 5062 1769 5146 Bbb
2125 5114 2129 5122 ·
2189 5147 2191 5154 ,
2385 5063 2387 5070 ’
2414 5070 2534 5152 estn-
