6900 6792
1347 828 1923 974 nunrrrtca
2315 922 2377 1017 ῃ

833 1063 1013 1166 quatuor
1035 1045 1295 1162 possuntesse
1317 1042 1517 1146 diametri,
1537 1050 1577 1130 de
1598 1045 1628 1131 fi
1647 1065 1824 1160 quatuor
1841 1051 1935 1136 sunt
1952 1051 2150 1157 diametri,
2178 1065 2378 1171 angulum

834 1173 941 1258 inter
958 1171 997 1256 se
1014 1170 1171 1255 faciunt
1190 1197 1218 1276 4
1222 1181 1260 1279 5⁰
1277 1172 1491 1280 graduum.
2143 1188 2145 1191 ’

889 1312 994 1391 Duae
1021 1306 1187 1419 possunt
1209 1302 1283 1387 esse
1307 1305 1430 1389 etiam
1453 1304 1709 1390 solummodo
1733 1308 1941 1408 diametis;
1980 1310 2045 1395 sed
2073 1314 2159 1398 haec
2185 1318 2379 1404 restridiio

833 1433 964 1521 oritur
981 1462 1004 1518 e
1020 1432 1205 1519 terminis
1223 1434 1397 1517 duarum
1415 1431 1713 1518 dimensionum
1732 1437 1899 1523 abscissae
1918 1445 1958 1522 de
1979 1441 2187 1527 ordinatae.

887 1563 937 1643 In
955 1586 1113 1670 genere,
1134 1560 1213 1642 sint
1230 1586 1363 1642 curvae
1383 1563 1443 1663 (n)
1463 1557 1775 1661 dimensionum,
1792 1593 1883 1675 quae
1900 1568 1958 1667 (n)
1979 1566 2130 1651 habent
2149 1570 2377 1674 diametros,

832 1690 872 1770 de
890 1686 920 1770 fi
937 1688 1062 1771 mod'o
1080 1686 1159 1770 sint
1179 1688 1238 1792 (n)
1259 1684 1457 1783 diametri,
1487 1682 1639 1794 anguli,
1670 1717 1773 1799 quos
1800 1693 1864 1775 hae
1890 1691 2076 1778 diametri
2098 1696 2205 1781 inter
2222 1701 2260 1783 se
2278 1702 2379 1785 faci-

831 1909 923 1991 unt,
940 1910 1061 1977 erunt
1073 1815 1192 2030 1·8n-0··

829 2169 832 2174 ¹
873 2071 914 2157 si
932 2074 1056 2158 modo
1077 2072 1137 2180 (n)
1157 2074 1213 2157 est
1233 2073 1389 2187 primus
1407 2102 1616 2176 numerus,
1638 2094 1730 2161 tum
1748 2078 1869 2160 habet
1888 2108 2015 2164 unam
2033 2086 2096 2165 vel
2121 2083 2180 2187 (n)
2200 2089 2264 2169 vel
2283 2090 2377 2170 nul-

830 2204 913 2287 lam
932 2201 1175 2286 diametrum
1193 2201 1329 2287 omnis
1346 2203 1578 2312 hujusmodi
1597 2235 1741 2290 curva:
1769 2210 1943 2291 &curva
1957 2209 2176 2321 imparium
2191 2212 2377 2299 dimensi·

830 2359 935 2415 num
954 2360 1040 2414 non
1059 2332 1188 2442 potest
1206 2333 1352 2414 habere
1370 2361 1509 2443 parem
1527 2334 1818 2418 diametrorum
1839 2365 2072 2421 numerum.

885 2458 1056 2543 Constat
1074 2459 1290 2542 methodus
1311 2459 1451 2544 omnia
1468 2462 1590 2570 hujus
1609 2462 1765 2572 generis
1785 2462 2028 2546 inveniendi.

883 2588 985 2672 Haec
1006 2586 1122 2669 facile
1136 2586 1399 2669 demonstrari
1417 2587 1581 2698 possunt
1600 2589 1887 2698 egeometricis
1907 2589 2129 2702 principiis.

886 2713 996 2795 Hinc
1020 2713 1188 2810 constat,
1220 2711 1249 2795 si
1284 2741 1406 2796 curva
1442 2715 1541 2798 duas
1572 2716 1634 2797 vel
1673 2717 1809 2827 plures
1854 2716 1976 2798 habet
2015 2717 2245 2819 diametros,
2285 2742 2385 2808 tum.
2504 2754 2507 2760 ¹

829 2844 1012 2953 generale
1031 2841 1152 2923 habet
1170 2860 1370 2924 centrum.

884 2967 994 3050 Hinc
1013 2965 1134 3048 etiam
1153 2969 1322 3065 constat,
1353 2967 1382 3049 si
1402 2968 1605 3052 ducantur
1623 2998 1694 3081 per
1713 2988 1899 3053 centrum
1918 2969 2034 3054 lineae
2053 2977 2226 3086 aequales
2247 3006 2377 3087 angu-

828 3093 889 3176 los
913 3092 1060 3205 primo,
1076 3092 1210 3190 tertio,
1230 3094 1378 3204 quinto
1394 3098 1468 3178 dcc.
1489 3094 1782 3195 arefacientes,
1799 3116 1892 3179 tum
1919 3097 1978 3179 hae
2000 3096 2186 3184 diametri
2210 3104 2377 3213 aequases
2515 3193 2521 3198 ,

827 3225 998 3331 angulos
1018 3248 1113 3304 cuin
1132 3220 1210 3305 suis
1229 3223 1424 3306 ordinatis
1443 3223 1613 3306 faciunt.

882 3358 1060 3458 Primus,
1085 3359 1243 3458 tertius,
1268 3359 1437 3471 quintus
1462 3361 1537 3441 &e
1558 3386 1648 3441 axes
1668 3375 1790 3440 erunt
1808 3356 1913 3440 inter
1930 3357 1967 3440 se
1986 3360 2172 3469 aequales.

881 3490 1039 3572 Eodem
1057 3489 1194 3586 mod0,
1225 3516 1308 3599 quo
1328 3486 1593 3570 inveniuntur
1618 3514 1723 3584 axes,
1754 3482 1897 3568 deduci
1919 3485 2083 3596 possunt
2100 3485 2285 3573 diametri
2310 3518 2375 3573 ea·

826 3644 921 3716 rum
940 3614 1144 3702 ordinatas
1166 3618 1216 3700 ad
1235 3618 1379 3699 datum
1398 3617 1599 3725 angulum
1616 3615 1803 3712 secantes,
1826 3617 1865 3696 de
1885 3613 1937 3696 fic
1957 3614 2158 3726 deinceps.

1291 3784 1377 3855 CO
1397 3782 1815 3857 ROLLARIUM
1851 3783 1901 3857 X.

842 3911 845 3918 ·
880 3887 987 3968 Sunt
1004 3910 1136 3966 curvae
1165 3881 1225 3995 (n)
1248 3880 1558 3979 dimensionum,
1588 3910 1680 3993 quae
1707 3882 1833 3965 secare
1859 3880 2024 3993 possunt
2047 3878 2199 3965 redsam
2226 3878 2386 3977 lineam·

825 4011 868 4095 iri
886 4012 946 4122 (n)
962 4010 1144 4123 pundiis3
1164 4008 1257 4110 sunt
1277 4008 1398 4092 etiam
1414 3998 1545 4092 curvae
1566 4014 1660 4119 (ziz)
1676 4004 1837 4121 parium
1853 4007 2163 4107 dimensionum,
2180 4038 2266 4122 quae
2280 4013 2374 4095 nus-

826 4142 906 4224 sam
927 4138 1165 4223 intersecant
1189 4138 1340 4222 rediam
1358 4137 1508 4221 lineam
1530 4137 1573 4220 in
1592 4138 1775 4250 pluribus
1796 4164 1921 4249 quam
1947 4136 2011 4247 (2)
2032 4136 2207 4249 punt'tis,
2238 4142 2277 4221 dr
2296 4139 2377 4221 im-

823 4275 984 4388 parium
1003 4274 1314 4371 dimensionum,
1331 4253 1423 4384 quae
1442 4275 1599 4357 nullam
1618 4261 1858 4358 intersecant
1877 4274 2029 4357 tesiam
2048 4273 2198 4358 lineam
2216 4273 2260 4357 'm
2279 4276 2373 4385 plu·

823 4404 933 4487 ribus
964 4432 1090 4515 quam
1118 4403 1180 4513 (3)
1211 4400 1392 4514 pundis3
1414 4401 1477 4484 sed
1500 4402 1795 4516 observandum
1823 4401 1891 4499 est,
1912 4419 1961 4483 ut
1986 4429 2060 4511 par
2078 4398 2153 4483 erit
2171 4399 2372 4484 maximus

824 4564 1018 4621 numerus
1037 4537 1302 4648 pundsorum,
1332 4536 1376 4619 in
1395 4538 1545 4648 quibus
1565 4538 1672 4622 redsa
1691 4538 1799 4621 linea
1818 4537 1943 4619 secare
1960 4534 2091 4647 potest
2113 4561 2276 4619 curvam
2299 4565 2373 4648 pa-

822 4662 931 4749 rium
950 4664 1261 4764 dimensionum,
1292 4669 1331 4746 de
1352 4663 1496 4777 impar,
1527 4666 1748 4779 imparium
1766 4664 2078 4749 dimensionum.

1291 4821 1791 4898 COROLLARIUM
1834 4821 1901 4895 XI.
2215 4905 2220 4915 ⁸

878 4918 937 5003 sit
956 4948 1077 5005 curva
1094 4925 1152 5003 M
1152 4950 1187 5002 m
1198 4924 1261 5018 M,
1291 4920 1406 5028 cujus
1432 4921 1607 5032 aequatio
1632 4922 1871 5005 relationem
1894 4920 1999 5002 inter
2023 4914 2221 5001 abscissam
2242 4918 2307 5026 (A
2312 4918 2369 5027 P)
2397 4969 2458 5050 fig,
2472 4990 2501 5043 7·

820 5048 863 5129 de
882 5045 968 5156 ejus
987 5047 1337 5159 correspondentes
1357 5044 1563 5185 ⁰rdffl
1578 5042 1701 5159 (PM)
1724 5044 2038 5181 expsiQst’

1121 5294 1126 5300 ,
1252 5173 2372 5298 Ay·÷a-i-bxy'·¹÷e‘-i3‘dx÷ex²y⁸·⁸÷&c.=0.

821 5313 900 5400 sint
916 5314 1095 5412 termini,
1125 5313 1336 5426 inquibus
1356 5312 1543 5396 maximae
1569 5311 1835 5394 inveniuntur
1859 5308 2123 5394 dimensiones
2144 5308 2371 5419 incognita·

818 5474 914 5589 rum
933 5446 1211 5560 quantitatum
1234 5448 1275 5561 (y
1295 5448 1334 5527 de
1352 5450 1396 5563 si)

1665 5548 2205 5674 Ay⁸÷bxy'·'÷ex²y'·
2304 5552 2311 5554 ’

1573 5708 1601 5768 Κ
1629 5712 1651 5769 2
