6900 6792
1345 931 2101 1033 Anoaunn1cm
2395 964 2493 1065 ιῳ

956 1137 1131 1233 quatuor
1151 1114 1296 1200 radices
1316 1117 1418 1198 datae
1439 1113 1675 1226 aquationis
1704 1129 1824 1195 erunt
1853 1112 2133 1223 impossibiles:
2162 1107 2301 1195 livero
2319 1113 2408 1199 duae
2425 1143 2492 1201 ra-

955 1244 1059 1325 dices
1088 1239 1236 1323 cubicae
1266 1238 1342 1320 srnt
1370 1238 1636 1348 impossibiles,
1665 1254 1756 1319 tum
1776 1238 1866 1319 duae
1896 1235 2043 1318 radices
2067 1233 2348 1346 biquadraticae
2366 1237 2488 1323 etiam

954 1381 1074 1445 erunt
1093 1360 1360 1470 impoffibiles,
1380 1361 1470 1439 duae
1488 1387 1580 1441 vero
1599 1358 1808 1467 possrbiles.

1008 1489 1103 1566 Cor.
1133 1481 1241 1564 Data
1267 1480 1442 1588 generali
1470 1479 1702 1563 reduslione
1731 1475 2021 1588 aquationum,
2056 1478 2153 1561 hinc
2182 1478 2376 1565 constabit
2401 1501 2488 1569 me·

951 1608 1101 1689 rhodus
1121 1601 1361 1698 inveniendi,
1390 1618 1491 1709 quot
1519 1600 1772 1710 impossibiles
1801 1599 1948 1682 radices
1978 1601 2098 1682 habet
2126 1603 2219 1685 data
2237 1606 2430 1714 aequatio3
2459 1608 2488 1691 sr

954 1732 1075 1812 modo
1104 1726 1212 1808 enim
1235 1725 1460 1820 reducatur,
1492 1723 1637 1805 necesse
1656 1723 1724 1821 est,
1751 1742 1798 1805 ut
1818 1721 2129 1806 transformetur
2156 1724 2199 1806 in
2219 1729 2489 1837 aequationem

951 1855 1084 1960 quoad
1103 1847 1323 1931 formulam
1343 1848 1516 1930 minores
1536 1847 1799 1929 dimensiones
1820 1847 2047 1944 habentem,
2063 1850 2155 1930 data
2175 1851 2374 1957 aequatio:
2394 1855 2488 1935 data

951 1992 1087 2056 autem
1112 1971 1251 2054 relatio
1271 1969 1375 2052 inter
1394 1970 1541 2053 radices
1567 1974 1669 2052 datae
1696 1975 1734 2050 bc
1753 1970 2049 2053 transformatae
2080 1973 2317 2081 aequationis
2336 1977 2490 2088 semper

952 2099 1191 2210 exprimitur
1210 2124 1281 2205 per
1296 2096 1539 2204 aequationes
1560 2100 1691 2204 quoad
1709 2097 1904 2178 formulas
1924 2123 2059 2178 earum
2082 2096 2254 2177 minores
2274 2123 2396 2206 quam
2416 2100 2488 2180 da·

951 2242 1002 2306 tae
1022 2219 1258 2338 aequationis
1274 2220 1535 2301 dimensiones
1555 2220 1759 2316 habentes,
1776 2248 1870 2327 ergo
1887 2249 1908 2300 e
1928 2246 2098 2302 numero
2116 2246 2253 2302 earum
2269 2219 2492 2331 impoffibi-‘

950 2345 1053 2427 lium
1074 2339 1262 2424 radicum.
1274 2339 1429 2423 constat
1446 2367 1639 2423 numerus
1659 2340 1956 2448 impoffibiliunr
1978 2339 2155 2422 radicum
2176 2339 2218 2423 in
2240 2342 2334 2427 data
2352 2371 2487 2454 aequa·

950 2472 1060 2556 tione
1078 2485 1377 2553 contentarum.

1562 2682 1868 2763 SCHOL.

1003 2836 1154 2922 Modus
1193 2832 1491 2917 demonstrandi
1530 2834 1703 2917 maxime
1738 2836 2064 2918 accommodatus
2104 2835 2206 2919 hisce
2245 2838 2376 2933 rebus,
2413 2831 2485 2916 ubi

946 2960 1153 3071 quaeritur,
1182 2976 1283 3067 quot
1311 2958 1457 3041 radices
1485 2958 1741 3067 impossibiles
1771 2959 2031 3042 continentur
2054 2961 2096 3041 in
2117 2960 2210 3042 data
2230 2959 2483 3068 aequatione?

946 3084 1001 3164 est
1020 3085 1080 3161 vel
1109 3080 1340 3162 substituere
1358 3078 1602 3185 quantitates
1631 3078 1731 3187 ipsas
1755 3104 1830 3184 pro
1849 3079 1925 3157 suis
1950 3080 2148 3160 valoribus
2160 3118 2172 3172 3
2203 3082 2262 3159 vel
2284 3079 2483 3190 multipli-

946 3230 1034 3286 care
1054 3203 1189 3282 datam
1208 3197 1472 3306 aequationem
1498 3211 1561 3276 1⁰²⁰
1580 3224 1696 3305 perx
1709 3242 1765 3261 -
1779 3228 1805 3277 a
1820 3232 1873 3271 =
1889 3228 1926 3291 03
1947 3199 2087 3279 deinde
2107 3228 2178 3306 per
2195 3216 2240 3280 x²
2253 3247 2309 3264 -
2325 3229 2412 3282 zax
2427 3221 2481 3294 -ι-

944 3341 989 3410 a²
1003 3341 1055 3415 -l-
1070 3323 1110 3405 b²
1124 3358 1178 3397 =
1193 3352 1232 3417 03
1253 3349 1345 3403 cum
1365 3318 1473 3401 enirn
1494 3319 1605 3430 prior
1624 3320 1799 3429 aequatio
1818 3321 1977 3401 unicam
2000 3323 2170 3404 radicem
2191 3324 2348 3422 habeat,
2370 3351 2480 3430 eam·

943 3477 1023 3560 que
1051 3447 1268 3559 possibilem
1283 3485 1295 3540 3
1319 3443 1509 3554 posterior
1538 3460 1674 3525 autem
1703 3447 1802 3529 duas
1832 3445 2084 3552 impossibiles
2094 3486 2107 3540 3
2138 3448 2394 3531 manifestum
2423 3449 2480 3531 cst

944 3574 1116 3654 eundem
1134 3568 1320 3650 futurum
1336 3566 1407 3648 else
1427 3594 1642 3649 numerum
1666 3569 1846 3648 radicum
1867 3567 2165 3676 impossibilium
2183 3571 2225 3652 in
2241 3573 2479 3680 aquatione,

946 3722 1036 3806 quae
1056 3692 1185 3775 oritur
1203 3717 1224 3772 e
1244 3689 1368 3799 priori
1397 3689 1744 3799 multiplicatione,
1777 3719 1821 3773 ac
1847 3690 1887 3771 in
1911 3692 2005 3774 dard
2025 3693 2274 3802 aequatione:
2304 3696 2480 3805 aequatio

849 3913 859 3930 ι
943 3836 1095 3913 autern,
1124 3841 1210 3922 quae
1237 3813 1367 3894 oritur
1394 3840 1416 3894 e
1446 3811 1616 3893 secunda
1645 3813 1980 3922 multiplicatione
2010 3818 2107 3897 duas
2138 3818 2299 3898 habebit
2329 3820 2477 3904 radices

945 3937 1213 4048 impollrbiles,
1247 3962 1336 4045 quae
1356 3934 1399 4016 in
1418 3932 1512 4014 data
1531 3933 1756 4041 aequatione
1775 3963 1859 4015 non
1880 3935 2152 4017 continentur.

1007 4066 1082 4142 Ex.
1105 4065 1162 4141 Sit
1177 4061 1270 4140 data
1285 4055 1584 4166 aequatiox2-
1602 4082 1660 4135 ax
1676 4072 1723 4148 4-
1746 4083 1768 4134 2
1785 4091 1839 4130 =
1855 4087 1885 4152 o,
1899 4084 1987 4166 quae
2003 4059 2219 4148 secundum
2237 4065 2415 4170 regulam
2432 4066 2478 4150 in

944 4185 1058 4294 prob.
1073 4211 1110 4286 9.
1131 4206 1326 4289 exempr.
1348 4177 1534 4259 traditam
1552 4178 1651 4257 duas
1669 4178 1790 4258 habet
1809 4177 1956 4259 radices
1976 4179 2255 4286 impoffibiles3
2277 4186 2476 4296 multipli-

943 4324 1054 4388 cetur
1075 4331 1144 4413 per
1157 4332 1184 4381 x
1198 4319 1247 4393 4-
1265 4329 1287 4383 2
1304 4334 1357 4374 ==
1372 4330 1404 4394 o,
1420 4304 1458 4380 δε
1477 4298 1524 4379 fit
1541 4310 1585 4378 xl
1598 4345 1653 4361 -
1668 4326 1725 4379 ax
1740 4316 1792 4387 -l-
1809 4326 1835 4397 4
1850 4336 1904 4374 =
1918 4333 1949 4400 o,
1965 4331 2055 4411 quae
2072 4303 2287 4386 secundum
2304 4312 2472 4397 eandem

943 4431 1121 4535 regulam
1143 4427 1274 4507 nullas
1294 4424 1412 4504 habet
1432 4420 1578 4503 radices
1599 4421 1866 4530 impossibiles,
1896 4429 2011 4507 debet
2031 4444 2163 4506 autern
2186 4427 2328 4510 habere
2348 4432 2447 4520 duas
2459 4475 2472 4533 3

944 4551 1080 4656 regula
1099 4548 1222 4656 igitur
1242 4574 1326 4627 non
1345 4546 1496 4652 semper
1514 4560 1697 4627 accurata
1717 4544 1785 4627 est.

998 4671 1148 4750 Modus
1168 4688 1303 4752 autem
1323 4666 1685 4764 demonstrationis,
1705 4670 1754 4749 de
1773 4697 1856 4778 quo
1871 4669 2029 4779 loquor,
2050 4700 2133 4754 non
2154 4672 2247 4756 huic
2264 4677 2474 4785 quaestioni

942 4793 1195 4876 solummodo
1222 4793 1407 4903 proprius
1437 4790 1506 4888 est3
1534 4790 1598 4872 sed
1625 4796 1836 4875 commode
1864 4793 2042 4878 adhiberi
2072 4797 2213 4906 potest,
2242 4801 2475 4916 ubicunque

942 4913 1148 5024 quaeritur,
1178 4933 1279 5022 quot
1304 4915 1547 5025 quantitates
1570 4916 1654 5001 dati
1682 4916 1851 5026 cujusvis
1880 4920 2033 5029 generis
2053 4921 2096 5006 in
2125 4921 2218 5006 datia
2246 4929 2472 5037 aequatione

943 5037 1228 5124 continentur?

2344 5172 2416 5252 Ex.
2437 5194 2470 5254 a.
