6900 6792
1190 722 1301 839 ',
1436 768 2013 894 aunrrrrcn
2225 889 2227 895 ,
2402 804 2501 906 η,

953 968 1017 1053 vel
1037 954 1266 1083 punstovel
1284 965 1395 1051 nodo
1410 969 1472 1051 vel
1492 967 1664 1082 cuspide,
1676 970 1752 1091 dcc.
1774 967 1800 1049 sr
1820 967 2017 1054 terminus
2041 969 2117 1081 (dy)
2136 966 2246 1073 desit,
2258 987 2348 1062 tum
2368 995 2503 1065 trans·

951 1104 1154 1193 formatur
1181 1135 1425 1219 convergens
1445 1100 1668 1221 hyperbola
1685 1109 1748 1192 vel
1770 1107 1812 1191 in
1839 1107 1937 1191 duas
1965 1109 2259 1212 conchoidales,
2280 1117 2502 1204 circaeam

950 1249 1042 1343 dem
1074 1246 1329 1359 asymptoton
1355 1246 1609 1358 hyperbolae,
1639 1248 1702 1330 vel
1732 1242 1915 1343 induas,
1947 1275 2122 1357 quarum
2151 1250 2363 1361 respesiiva
2382 1278 2522 1340 crura·

949 1375 1090 1457 codem
1112 1374 1325 1489 asymptoti
1340 1376 1461 1457 latere
1481 1377 1521 1455 bc
1541 1377 1679 1457 eadem
1700 1374 1919 1458 diresbione
1939 1376 1982 1459 in
1998 1375 2208 1461 infinitum
2229 1380 2408 1493 serpunt,
2424 1386 2499 1469 ha·

949 1534 1042 1591 rum
1061 1506 1280 1620 specierum
1301 1536 1495 1592 numerus
1516 1509 1572 1591 est
1596 1511 1690 1591 arb.
2045 1629 2047 1635 ¹

1005 1634 1047 1716 Si
1065 1637 1189 1719 nullae
1213 1635 1291 1719 fint
1310 1636 1502 1748 opposrtae
1531 1638 1771 1748 hyperbolae,
1805 1657 1896 1724 tum
1916 1640 2146 1753 hyperbolae
2175 1643 2239 1725 vel
2263 1643 2495 1732 describun-

858 1844 867 1850 .
948 1774 1019 1892 sur
1043 1772 1095 1853 ad
1114 1773 1284 1881 angulos
1316 1774 1376 1855 vel
1401 1772 1527 1854 latera
1547 1772 1835 1885 asymptotum,
1871 1777 1912 1856 dc
1939 1773 2083 1886 species
2112 1775 2206 1859 sunt·
2231 1781 2292 1860 vel
2318 1808 2402 1863 una
2431 1781 2495 1865 in-

946 1905 1092 2020 scripta
1104 1910 1166 1991 uel
1187 1907 1412 2021 ambigena,
1444 1910 1568 1991 altera
1588 1910 1802 2019 ambigena
1819 1910 1886 1992 vel·
1909 1908 2208 2022 circumscripta
2233 1912 2409 1996 &tertia
2432 1913 2498 1998 in·
2588 1996 2591 2006 ,

945 2036 1090 2148 scripta
1117 2037 1334 2148 ambigena
1355 2037 1422 2119 vel'
1439 2037 1738 2150 circumscripta
1765 2039 1999 2151 hyperbola,
2030 2040 2096 2121 vel‘
2111 2039 2171 2120 lue
2193 2067 2288 2121 cum
2308 2042 2414 2125 ovali
2433 2045 2496 2127 vel

945 2165 1124 2281 pun&o;
1151 2167 1213 2248 vel
1238 2167 1347 2248 nodo
1371 2167 1433 2248 vel
1459 2165 1618 2277 cuspide
1641 2168 1691 2249 ad
1719 2167 1824 2249 hanc
1851 2169 1916 2249 vel
1939 2166 2052 2249 illam
2077 2194 2272 2265 curvam3
2305 2168 2369 2251 vel
2398 2199 2495 2255 cum

945 2290 1105 2373 duabus
1136 2290 1337 2388 ovanbus,
1358 2291 1422 2372 vel
1446 2291 1552 2372 ovali
1571 2295 1611 2372 ἃ
1631 2291 1787 2404 ρυῃᾶο
1811 2292 1874 2376 vel
1901 2293 2012 2376 nod‘o
2030 2292 2093 2373 vel
2113 2291 2287 2401 cuspide,
2310 2294 2372 2376 vel
2392 2297 2497 2380 duo·

945 2414 1023 2496 bus
1051 2412 1228 2525 punslis,
1256 2414 1318 2495 vel
1348 2414 1458 2497 nodo
1476 2415 1538 2493 vel
1558 2414 1717 2526 cuspide
1740 2415 1790 2495 ad
1810 2442 1975 2497 curvam
1995 2420 2091 2496 cum
2111 2412 2220 2496 ovali
2235 2416 2297 2496 vel
2317 2417 2496 2526 pundlb}

944 2542 1006 2623 vel
1037 2542 1195 2623 duobus
1218 2540 1335 2622 nodis
1364 2542 1427 2622 vel
1447 2541 1557 2622 nodo
1583 2540 1812 2651 &cuspide
1841 2543 1891 2627 ad
1916 2542 2085 2624 candem
2105 2542 2166 2622 vel
2185 2539 2377 2627 diversam
2398 2572 2492 2626 cur-

944 2691 1052 2760 vam,
1077 2665 1140 2746 vel
1164 2664 1321 2745 duabus
1345 2662 1595 2774 cuspidibus3
1617 2666 1678 2745 vel
1699 2664 1818 2746 semel
1838 2663 1898 2745 bis
1926 2664 1987 2746 vel
2011 2680 2073 2745 ter
2097 2662 2359 2747 cruciforme
2390 2665 2493 2750 fiant
2547 2706 2555 2729 ·

945 2792 1094 2873 eaedem
1113 2790 1356 2899 hyperbolae,
1373 2792 1433 2871 vel
1453 2786 1641 2872 suetiam
1670 2787 1943 2875 conchoidalis
1963 2790 2196 2901 hyperbola,
2213 2792 2252 2870 br
2267 2818 2399 2875 curvae
2419 2792 2493 2877 ha·

942 2917 1041 2999 bent
1055 2917 1211 2999 ovalem
1227 2918 1287 2997 vel
1296 2917 1500 3027 punsbum
1519 2918 1580 3000 vel
1599 2919 1757 3000 nodum
1773 2919 1837 2999 vel
1855 2915 2071 3027 cuspidem,
2091 2918 2153 3000 vel
2168 2945 2295 3002 unam
2314 2920 2377 3004 vel
2390 2921 2491 3013 duae

944 3042 1255 3140 intersesliones,
1288 3044 1348 3124 vel
1368 3062 1547 3154 quatuor
1574 3044 1668 3129 sunt
1695 3046 1938 3156 hyperbolae,
1953 3072 2048 3156 ergo
2063 3058 2175 3129 totus
2190 3072 2385 3131 numerus
2405 3050 2501 3161 spe-

945 3177 1096 3262 cierum
1118 3176 1240 3287 hujus
1261 3176 1370 3260 casus
1390 3179 1446 3261 est
1477 3180 1600 3289 1263.

1593 3387 1626 3464 C
1663 3390 1666 3395 ’
1705 3388 1719 3461 ’.
1809 3396 1820 3462 .’

969 3530 973 3537 ’
1001 3516 1061 3603 Sit
1079 3517 1254 3631 aequatio
1273 3389 2283 3632 xyf÷ax¹÷bx¹ffcx1dxy:Arc243x4
2298 3521 2341 3619 C,
2362 3520 2403 3604 bc
2421 3519 2495 3604 de·
2642 3474 2645 3479 ·

944 3646 1074 3758 signat
1093 3675 1232 3731 curvas
1252 3649 1353 3730 duas
1368 3647 1604 3759 hyperbolas
1625 3649 1665 3729 bc
1684 3646 1918 3758 parabolam
1937 3647 2068 3733 conici
2081 3645 2236 3759 generis
2256 3648 2473 3733 habentes.

999 3772 1154 3855 Earum
1173 3770 1315 3882 species
1335 3769 1429 3854 sunt
1447 3773 1509 3855 vel
1530 3775 1615 3854 dua
1630 3798 1758 3855 curvae
1775 3770 1924 3883 partim
1942 3772 2173 3882 parabolica
2191 3774 2232 3855 aa
2250 3772 2396 3883 partim
2414 3772 2492 3885 hy·

942 3896 1149 4006 perbolicae
1162 3925 1256 3979 cum
1277 3897 1478 4006 anguinea
1497 3901 1558 3980 vel
1577 3896 1831 3981 conchoidali
1844 3898 2074 4009 hyperbola,
2089 3900 2152 3981 vel
2170 3899 2230 3982 hae
2248 3927 2379 3984 curvae
2397 3927 2492 3982 cru·

942 4017 1164 4101 ciformiter
1182 4017 1256 4101 sese
1281 4018 1518 4102 intersecant
1537 4048 1586 4103 ex
1604 4048 1688 4103 una
1713 4020 1776 4101 vel
1795 4018 1968 4131 utraque
1985 4039 2122 4131 parce3
2146 4022 2207 4103 vel
2237 4021 2412 4105 habeant
2439 4051 2488 4104 o·

942 4146 1072 4226 valem
1096 4144 1158 4224 vel
1185 4143 1385 4251 pundium
1417 4147 1480 4227 vel
1510 4147 1560 4229 ad
1593 4174 1720 4229 unam
1741 4173 1762 4228 e
1782 4145 1910 4227 curvis
1931 4147 2090 4229 nodum
2115 4148 2178 4228 vel
2193 4146 2406 4256 cuspidem,
2427 4149 2491 4231 vel

942 4266 1141 4377 duplicem
1161 4265 1496 4364 intersedlionem
1527 4271 1589 4349 vel
1617 4266 1819 4377 duplicem
1844 4266 2162 4351 intersedlionem
2178 4268 2230 4349 ad
2246 4294 2374 4373 unam
2394 4289 2488 4346 cur-

942 4421 1036 4477 uam
1056 4398 1096 4476 br
1115 4394 1436 4477 intersediionem
1462 4396 1512 4477 ad
1543 4398 1738 4490 alteram3
1767 4419 1942 4504 quarum
1970 4392 2185 4502 specierum
2215 4370 2486 4501 numerus'est

903 4610 908 4615 ,
949 4548 1052 4629 1343
1086 4524 1147 4603 vel
1174 4523 1264 4602 duae
1283 4548 1414 4603 curvae
1434 4520 1581 4630 partim
1600 4520 1832 4630 parabolica
1863 4522 1902 4600 ac
1931 4518 2078 4628 partim
2106 4517 2365 4630 hyperbolice
2388 4542 2486 4601 cum

943 4648 1158 4760 ambigena
1180 4651 1242 4732 vel
1261 4649 1448 4758 inscripta
1467 4650 1530 4732 vel
1544 4646 1841 4760 circumscripta
1856 4646 2086 4760 hyperbolic,
2106 4651 2166 4731 vel
2186 4649 2249 4732 hae
2268 4645 2343 4731 sese
2362 4644 2490 4749 intei-
2664 4754 2668 4769 Ι

941 4774 1088 4873 secant,
1115 4780 1178 4860 vel
1201 4777 1353 4859 habent
1381 4779 1537 4859 ovalem
1555 4778 1619 4868 ,vel
1638 4775 1835 4885 punslum
1865 4776 1927 4858 vel
1952 4778 2051 4858 duas
2073 4774 2221 4873 ovales,
2246 4775 2308 4856 vel
2328 4772 2487 4856 ovalem

943 4904 984 4982 δι
1003 4901 1203 5008 ρυῃᾶυηι
1223 4904 1284 4984 vel
1302 4904 1457 4985 ovalem
1478 4904 1672 4985 nodatam
1693 4903 1756 4984 vel
1774 4901 2019 5011 cuspidatam
2045 4904 2108 4985 vel
2127 4905 2209 4985 duo
2235 4899 2399 5010 pundla,
2423 4894 2487 4980 vel

930 5031 1100 5129 ¹nodum
1115 5030 1176 5112 vel
1196 5027 1394 5136 cuspidem
1415 5031 1465 5112 ad
1486 5057 1612 5112 unam
1628 5057 1649 5112 e
1668 5027 1814 5127 curvis,
1841 5031 1901 5112 vel
1920 5031 2073 5112 nodum
2089 5031 2148 5113 vel
2170 5028 2368 5139 cuspidem
2389 5051 2486 5109 cum

943 5154 1050 5237 ovali
1071 5157 1133 5236 vel
1154 5155 1320 5263 punClo,
1352 5158 1412 5238 vel
1433 5157 1534 5237 duos
1554 5157 1682 5237 nodos
1709 5157 1772 5237 vel
1797 5155 1953 5238 nodum
1972 5161 2012 5239 bc
2031 5156 2231 5267 cuspidem
2251 5156 2301 5238 ad
2317 5156 2484 5238 eandem
2559 5214 2562 5220 -
2669 5148 2672 5153 ’

935 5284 1007 5373 ¹uel
1020 5280 1187 5364 diversas
1200 5310 1354 5380 curvas,
1371 5285 1431 5364 vel
1452 5285 1551 5364 duas
1567 5281 1759 5393 cuspides,
1772 5284 1833 5364 vel
1852 5311 1978 5369 unam
1992 5288 2055 5369 vel
2069 5287 2168 5371 duas
2184 5285 2244 5367 vel
2262 5301 2345 5367 tres
2357 5281 2486 5366 inter·
2655 5352 2659 5357 .

942 5413 1147 5520 ferriones,
1168 5445 1337 5530 quarum
1356 5417 1567 5528 specierum
1591 5445 1787 5504 numerus
1807 5417 1862 5503 est
1880 5447 1977 5532 290.
2149 5510 2154 5519 ,
2431 5524 2465 5609 S·

1466 5550 1470 5556 ·
2371 5554 2408 5613 2.
2457 5548 2490 5611 rt
