6900 6792
946 831 1142 988 omo
1321 812 2140 982 PRAEFATov

959 1077 1033 1154 occ.
1046 1103 1100 1147 =
1115 1084 1176 1174 aa»
1187 1098 1212 1181 p
1223 1114 1279 1132 -
1293 1067 1424 1177 b²¹¹p²,
1441 1071 1514 1149 διε.
1574 1090 1638 1175 27.
1651 1062 1839 1149 Traditur
1851 1068 2016 1175 rqsolutio
2034 1068 2290 1176 aquationum,
2306 1071 2393 1154 viz.
2413 1098 2511 1156 x=

1629 1200 1647 1234 n

955 1254 1001 1333 H
1017 1266 1068 1345 ἦ·
1086 1206 1239 1359 aissp)
1259 1262 1309 1341 -Ι-
1328 1249 1354 1325 b
1372 1202 1513 1354 5](ρῦ
1534 1304 1543 1324 .
1561 1303 1597 1327 ..
1619 1252 1669 1346 ,l
1675 1247 1690 1333 l
1693 1246 1817 1356 p¹¹’¹);
1845 1247 1888 1327 ἔθ’
1907 1276 1951 1328 coc
1978 1247 2077 1328 datis
2105 1249 2294 1333 radicibus
2311 1218 2427 1335 datur
2446 1284 2509 1335 re-

942 1374 1078 1487 solutio
1097 1373 1239 1481 hujusce
1253 1370 1411 1478 generis,
1427 1397 1505 1480 qua
1524 1371 1681 1450 continet
1693 1369 1898 1479 pradii'ias
1916 1372 2070 1453 radices.
2121 1372 2186 1457 28.
2202 1374 2291 1458 Sint
2307 1420 2345 1473 a,
2360 1379 2401 1474 β,
2417 1413 2457 1480 t,
2475 1376 2508 1473 δ,

956 1503 1030 1583 &c.
1050 1503 1164 1609 (n-
1180 1505 1216 1601 1)
1247 1496 1389 1579 radices
1422 1495 1637 1607 aquationis
1670 1500 2236 1608 v⁰·¹-pv¹¹·¹÷&c.=o;
2264 1500 2510 1585 inveniuntur

868 1661 872 1672 „
954 1682 1190 1788 dimerssones,
1210 1676 1262 1759 od
1275 1707 1363 1786 quas
1378 1676 1536 1796 afflugit
1554 1676 1725 1785 aquatio,
1752 1675 1854 1782 cujm
1872 1676 1986 1757 radix
2003 1677 2048 1783 esi
2070 1705 2165 1759 x:
2183 1632 2233 1780 ,ns
2240 1681 2300 1788 (a)
2316 1690 2367 1774 -Ι-
2382 1635 2507 1786 λβ)

955 1879 1008 1950 -Ι-
1026 1818 1146 1967 sully)
1165 1874 1215 1958 -Ι-
1233 1863 1307 1942 &c.
1368 1883 1432 1962 29.
1455 1859 1519 1935 Ex
1542 1854 1638 1936 ononi
1660 1854 1830 1961 generali
1855 1854 2063 1961 resolutione
2080 1841 2322 1965 aquationum
2339 1858 2507 1968 steperio-

953 2016 1037 2069 runo
1065 1987 1312 2089 dimensonum
1340 1982 1565 2063 deducuntur
1592 1979 1815 2089 resolutiones
1844 1981 2000 2060 omnium
2022 1983 2266 2091 aquationum
2285 1984 2506 2091 iuscriorum
2627 1995 2633 2000 '

953 2110 1213 2215 dimenstonuoo.
1274 2134 1338 2212 30.
1364 2104 1650 2206 Demonstrotur
1677 2102 1882 2210 generalem
1915 2105 2159 2214 resolutionem
2190 2108 2406 2216 aquationis
2436 2108 2503 2214 (n)

952 2233 1200 2342 dimeofionum
1214 2233 1350 2341 saltem
1370 2228 1431 2339 effe
1450 2227 1691 2337 resolutionem
1711 2227 1925 2338 aquationis
1954 2234 2344 2341 1.2.3...(n-1)
2359 2262 2383 2313 x
2396 2261 2424 2317 n
2443 2233 2503 2315 di.

952 2361 1173 2465 meustonum.
1215 2382 1282 2466 31.
1296 2362 1343 2437 In
1362 2350 1625 2460 investigandis
1644 2352 2019 2463 approximationibus
2037 2355 2092 2436 ad
2106 2356 2249 2440 radices
2266 2358 2366 2441 data
2379 2384 2505 2466 aqua·

950 2486 1074 2581 tionis,
1098 2484 1281 2594 probetur
1310 2476 1657 2590 approximationim
1686 2477 1876 2557 inventam
1905 2503 1972 2556 non
1992 2469 2150 2585 pendere
2172 2509 2193 2560 e
2215 2480 2369 2580 ratione,
2395 2514 2504 2596 quam

950 2612 1138 2720 quantitas
1158 2605 1336 2719 asumpta
1348 2624 1419 2713 pro
1437 2605 1565 2685 valore
1583 2601 1690 2682 habet
1710 2600 1764 2680 ad
1778 2630 1908 2682 verum
1927 2601 2101 2699 valorem,
2116 2604 2189 2710 sed
2201 2633 2247 2685 ex
2264 2611 2503 2718 approximo-

950 2737 1046 2819 tione
1064 2737 1117 2817 ad
1130 2765 1240 2817 unum
1255 2734 1415 2814 valorem
1428 2728 1599 2839 propiori
1615 2756 1724 2838 quam
1738 2726 1790 2807 ad
1805 2729 1972 2834 reliquos.

1006 2870 1053 2945 In
1080 2864 1201 2974 capite
1229 2880 1358 2971 quarto
1392 2886 1424 2940 1.
1440 2860 1554 2941 datur
1583 2856 1762 2937 methodus
1794 2863 1995 2963 (quantum
2006 2855 2111 2966 scio)
2132 2885 2229 2938 nova
2255 2858 2451 2942 reducendi
2473 2890 2504 2945 n

941 2990 1119 3099 stmplices
1147 2988 1363 3099 aquationes
1382 2985 1435 3064 od
1459 3012 1486 3063 n
1500 3028 1553 3044 -
1569 3009 1601 3079 1,
1620 2982 1694 3062 διο.
1755 3005 1792 3059 2.
1812 2981 2054 3087 Deteguntur
2070 2978 2212 3079 radices
2229 2979 2503 3092 incognitarum

950 3117 1212 3226 quantitatum,
1245 3142 1324 3224 qua
1353 3112 1524 3218 irrepunt
1552 3108 1593 3187 in
1619 3106 1836 3216 aquationes
1862 3107 2074 3214 refioltautes
2099 3134 2144 3186 ex
2166 3106 2321 3215 vulgari
2348 3108 2503 3192 methodo

950 3236 1144 3338 reducendi
1161 3239 1250 3320 duos
1270 3238 1333 3317 vel
1352 3237 1477 3345 plures
1504 3232 1722 3342 aequotiones
1741 3233 1782 3312 in
1801 3261 1925 3324 unam,
1955 3232 2014 3310 ita
2032 3249 2075 3311 ut
2093 3258 2207 3311 omnes
2219 3249 2364 3340 prater
2390 3227 2501 3316 uuam

949 3367 1144 3474 incognita
1171 3367 1395 3477 quantitates
1424 3361 1723 3446 eutermiuentur.
1785 3388 1823 3468 3.
1854 3360 1940 3440 Sint
1965 3358 2048 3440 dua
2074 3358 2292 3466 aquationes
2321 3369 2373 3467 (n
2392 3364 2436 3444 ὃ
2458 3389 2500 3444 m

947 3492 1217 3599 dimeofionuen)
1249 3493 1339 3572 duas
1368 3490 1571 3596 incognitas
1602 3487 1830 3596 quantitates
1863 3494 1910 3590 (u
1932 3486 1976 3566 ὅθ
1995 3485 2044 3593 y)
2077 3483 2271 3581 habentes,
2307 3488 2500 3594 ostenditur

815 3709 820 3716 ,
948 3620 1197 3729 aquationem,
1227 3617 1327 3724 cujus
1346 3613 1460 3696 radix
1478 3612 1523 3716 es!
1542 3638 1567 3691 x
1587 3611 1650 3691 vel
1666 3638 1703 3719 y,
1735 3640 1802 3691 non
1822 3610 2008 3714 ascendere
2026 3609 2079 3690 ad
2103 3637 2132 3690 n
2148 3639 2172 3687 u
2193 3638 2232 3692 m
2255 3612 2500 3717 dimenfioneso

933 3742 1144 3852 sttermini
1161 3740 1317 3822 duarum
1335 3738 1590 3848 aquationum,
1622 3763 1771 3844 quorum
1790 3733 2011 3839 dimerfiones
2018 3735 2113 3841 ssent
2132 3735 2314 3835 maxima,
2342 3768 2498 3826 commu.

947 3897 1026 3950 nem
1044 3868 1200 3947 habeant
1219 3865 1425 3967 divisorem.
1483 3890 1522 3965 4.
1544 3860 1631 3940 Sint
1648 3880 1737 3954 tres,
1757 3861 1831 3941 &a
1852 3858 2080 3964 aquationes,
2101 3887 2257 3968 quarum
2275 3864 2499 3978 dimeoqiones

934 3998 1028 4105 fient
1055 3990 1251 4099 respective
1279 4017 1320 4083 n,
1343 4015 1398 4082 sn,
1420 4014 1458 4085 o,
1480 3988 1571 4087 &eq
1599 4002 1686 4080 tres,
1709 3985 1786 4065 &a
1816 3983 2023 4088 incognitas
2049 3987 2273 4089 quantitates
2304 4001 2367 4097 (u,
2387 4022 2425 4106 y,
2447 3997 2496 4098 z)

947 4116 1185 4214 involventes,
1203 4112 1430 4221 ostenduntur
1446 4108 1557 4217 costes,
1573 4107 1614 4188 in
1632 4108 1761 4220 quibus
1774 4106 1963 4217 pradidta
1980 4110 2138 4217 aquatio
2154 4112 2256 4196 haud
2270 4120 2431 4222 ascendet
2448 4122 2502 4204 ad

947 4272 976 4326 n
998 4272 1022 4321 x
1044 4266 1084 4320 m
1108 4270 1132 4315 x
1152 4266 1178 4318 0
1199 4266 1222 4314 u
1244 4236 1258 4316 l
1278 4265 1301 4313 u
1323 4238 1397 4315 διο.
1426 4230 1661 4337 dimenfiones.
1722 4258 1759 4342 5.
1797 4232 2106 4341 Demooslrautur
2139 4242 2292 4321 termini
2322 4243 2507 4328 datarum·

945 4367 1187 4476 aquationum
1198 4402 1209 4458 3
1238 4359 1401 4470 equibus
1422 4359 1556 4469 pendet
1569 4360 1719 4466 stemma
1737 4347 1918 4457 radicum,
1949 4362 2210 4471 quadratorum
2221 4397 2248 4472 e
2259 4369 2410 4477 sagulis
2428 4402 2497 4453 ra·

946 4492 1099 4588 dicibus,
1119 4490 1194 4570 &a
1236 4487 1274 4565 6.
1289 4487 1427 4565 Datur
1444 4480 1623 4564 methodus
1641 4484 1938 4592 transformandi
1954 4486 2044 4567 duas
2062 4489 2127 4568 vel
2136 4490 2261 4597 plures
2281 4492 2348 4600 (h)
2367 4520 2495 4600 aqua.

945 4618 1055 4697 tiones
1075 4615 1115 4695 in
1136 4636 1257 4703 unam,
1288 4608 1408 4688 itaut
1430 4608 1482 4712 (h
1495 4626 1551 4667 -ὲ-
1568 4608 1612 4707 1)
1643 4610 1841 4715 incognita
1868 4611 2092 4718 quantitates
2121 4620 2184 4718 (u,
2200 4643 2238 4722 y,
2256 4641 2293 4711 z,
2310 4620 2408 4717 &cs
2431 4650 2496 4701 ess·

888 4733 890 4738 ’
944 4742 1189 4821 terminentur
1207 4732 1269 4814 vel
1285 4749 1357 4839 per
1370 4729 1662 4839 substitutionem
1673 4732 1882 4837 finitarum
1902 4734 2152 4841 quantitatum
2176 4738 2239 4817 vel
2261 4740 2496 4847 irfinitarum

945 4867 1194 4980 quantitatum
1210 4862 1394 4971 seriorum
1416 4876 1486 4968 pro
1500 4859 1584 4968 suis
1605 4857 1794 4941 volonibus
1812 4861 1854 4942 in
1871 4862 1965 4943 datd
1991 4865 2202 4969 aquatione.
2260 4849 2300 4975 7.
2322 4875 2410 4954 Sint
2427 4874 2495 4978 (h)

944 4992 1173 5109 aquationes,
1201 5015 1356 5097 quorum
1375 4985 1596 5091 dimensiones
1601 4985 1696 5091 secut
1715 5013 1757 5084 n,
1779 5014 1834 5082 m,
1854 4986 1883 5081 l,
1903 4986 1944 5083 k,
1960 4990 2035 5069 διε.
2055 4989 2221 5074 habentes
2242 4996 2308 5102 (h)
2328 5000 2497 5104 incogni.

944 5154 1002 5219 tos
1022 5114 1246 5235 quantitates
1266 5121 1330 5219 (x,
1348 5141 1386 5222 y,
1402 5141 1439 5213 z,
1455 5111 1570 5213 δια),
1591 5112 1721 5221 &stat
1739 5141 1777 5217 a,
1797 5113 1837 5215 b,
1857 5141 1891 5213 c,
1912 5116 1952 5213 d,
1973 5118 2047 5201 icc.
2067 5121 2239 5206 maxima
2254 5119 2494 5227 dimensiones,

2444 5252 2499 5335 ad
