6900 6792
943 912 993 1012 xl
1309 911 2132 1009 PRAEFATIO.

876 1091 882 1126 ‘
945 1096 1030 1177 dum
1048 1092 1270 1202 dimetfiones
1289 1096 1540 1206 quantitatum
1557 1096 1613 1201 (x,
1630 1123 1668 1205 y,
1686 1120 1723 1193 z,
1740 1093 1834 1199 boc.)
1850 1093 2061 1190 reducatur,
2082 1087 2261 1180 methodus
2278 1079 2339 1180 tii
2353 1098 2503 1184 docetur

945 1217 1160 1304 inveniendi
1183 1220 1358 1324 stammam
1385 1250 1403 1298 e
1416 1220 1578 1328 fingulis
1596 1220 1765 1302 terminis
1784 1219 1925 1328 btq'usce
1947 1218 2094 1329 generis
2113 1215 2264 1332 ΑΨ
2280 1219 2410 1303 zlffl‘
2426 1226 2503 1310 διο.

950 1373 1014 1456 ¹9·
1035 1346 1164 1455 Isfdem
1183 1346 1280 1427 datis
1299 1345 1471 1428 traditur
1490 1344 1668 1427 methodus
1698 1343 1912 1458 inveniendi
1939 1346 2023 1426 illos
2044 1343 2142 1427 data
2158 1343 2373 1455 aquationis
2392 1350 2504 1431 radi·

878 1536 882 1545 .
943 1503 1011 1570 ees,
1040 1502 1119 1579 qua
1136 1473 1261 1556 datam
1280 1473 1380 1554 inter
1395 1473 1440 1579 se
1459 1470 1616 1553 habeant
1637 1472 1861 1553 relationem.
1899 1499 1964 1553 20.
1982 1470 2222 1591 Qonfi'quitur
2241 1473 2419 1558 methodus
2437 1476 2501 1558 in·

943 1602 1118 1685 veniendi
1148 1630 1334 1684 numerum
1364 1600 1707 1709 correspondentium
1736 1601 1905 1684 radicum
1934 1599 2206 1707 incognitarum
2232 1604 2503 1709 quantitatum,

944 1753 1024 1836 qua
1042 1726 1155 1808 nihilo
1174 1725 1336 1808 evadunt
1354 1727 1521 1837 aquales.
1584 1751 1649 1806 21.
1671 1725 1758 1807 Sint
1777 1726 1858 1808 dua
1876 1724 1943 1806 vel
1955 1725 2085 1838 plures
2102 1723 2329 1838 aqudtiones
2355 1730 2503 1812 totidem

945 1852 1151 1959 incognitas
1179 1850 1403 1958 quantitates
1433 1852 1490 1954 (x,
1512 1874 1551 1957 y,
1580 1874 1616 1941 z,
1647 1848 1742 1948 tce.)
1773 1848 1952 1942 babentes,
1982 1845 2160 1956 affinitur
2188 1835 2400 1932 tot¹babere
2428 1854 2501 1935 im·

941 1976 1110 2087 poſjtbiles
1140 1974 1282 2055 radices
1311 1974 1555 2082 quantitatem
1574 2002 1612 2081 y,
1645 1991 1730 2081 quot
1758 1972 1865 2056 babet
1883 1974 2073 2081 quantitas
2095 1973 2158 2081 (z)
2179 1975 2245 2056 vel
2259 1976 2337 2082 (x),
2357 1979 2434 2060 &a
2461 1980 2505 2061 ni

945 2105 1012 2187 duo
1031 2102 1096 2183 vel
1112 2101 1237 2209 plures
1266 2101 1408 2181 valeres
1440 2099 1573 2179 harum
1600 2098 1852 2206 quantitatum
1880 2099 2040 2206 intense
2068 2101 2219 2210 aquales
2247 2102 2504 2187 inveniantur.

948 2255 1013 2310 22.
1036 2228 1157 2310 Datis
1177 2226 1314 2307 duabus
1336 2225 1400 2306 vel
1419 2221 1589 2333 pluribus
1607 2226 1871 2332 aquationibus
1888 2224 2037 2306 totidem
2055 2227 2261 2335 incognitos
2279 2233 2503 2338 quantitates

946 2353 1171 2447 habentibus,
1193 2379 1272 2461 qua
1290 2349 1463 2458 divisores
1482 2348 1680 2457 recipiunt,
1698 2350 1811 2455 ¹data
1834 2338 2052 2458 aquationes
2070 2351 2112 2432 in
2139 2353 2236 2433 alias
2263 2355 2415 2440 minores
2441 2357 2503 2440 di·

945 2479 1126 2583 mensiones
1158 2474 1324 2556 babentes
1354 2475 1636 2580 deprimuntur;
1681 2474 1811 2554 exhinc
1835 2474 1962 2583 facile
1999 2475 2085 2559 erui
2113 2475 2254 2585 poffient
2282 2478 2504 2585 dimeoulones

947 2601 1175 2711 aquationis,
1196 2599 1296 2701 eujus
1315 2599 1429 2678 radix
1443 2596 1488 2705 esl
1503 2595 1689 2703 incognita
1707 2598 1897 2706 quantitas
1911 2598 1954 2680 in
1966 2595 2104 2681 duabus
2116 2600 2180 2681 vel
2184 2600 2357 2709 pluribus
2375 2632 2503 2712 aqua·
2579 2638 2581 2642 ·

945 2727 1103 2809 tionibus
1121 2723 1210 2804 duas
1228 2721 1291 2803 vel
1299 2724 1424 2830 plures
1443 2723 1648 2830 incognitas
1666 2724 1892 2838 quantitates
1910 2722 2182 2805 involventibus
2197 2742 2377 2809 contenta.
2436 2756 2502 2839 25.

947 2851 1199 2934 Inveniuntur
1217 2849 1298 2930 dua
1316 2848 1381 2930 vel
1397 2848 1524 2954 plures
1543 2849 1759 2955 aquationes
1780 2848 1870 2929 duas
1891 2847 1956 2927 vel
1970 2849 2099 2956 plures
2126 2850 2331 2956 incognitas
2349 2858 2504 2962 quanti,

947 2995 1041 3060 tates
1068 2975 1248 3071 habentes,
1275 3002 1361 3083 ¹qua
1388 2974 1521 3081 reffolvi
1544 2971 1708 3081 poffiant:
1742 3001 1780 3054 2.
1799 2973 1913 3054 datur
1944 2972 2108 3054 maxime.
2122 2976 2309 3081 generalis
2338 2980 2504 3087 resolutio

948 3101 1065 3183 adbuc
1084 3101 1231 3207 cognita
1251 3097 1407 3178 duarum
1426 3099 1492 3179 vd
1509 3097 1675 3205 plurium
1695 3096 1939 3204 aquationum
1958 3095 2047 3184 duas
2066 3097 2130 3177 vel
2147 3099 2272 3205 plures
2300 3100 2504 3210 incognitas

948 3225 1172 3330 quantitates
1204 3222 1448 3317 habentium;
1491 3226 1533 3305 [ἃ
1575 3221 1746 3328 coofimili
1783 3221 1937 3303 methodo
1975 3249 2021 3300 eu
2053 3222 2258 3331 principiis
2298 3224 2340 3305 in
2384 3228 2503 3335 capite

948 3347 1060 3428 tertio
1078 3348 1233 3429 traditis
1252 3347 1380 3429 deduci
1401 3345 1513 3454 potest
1531 3347 1689 3426 maxime
1702 3345 1888 3453 generalis
1903 3340 2069 3426 redullio
2088 3348 2358 3458 pradiilarum
2376 3379 2532 3486 ‘mk

951 3471 1088 3551 tionum
1117 3470 1235 3549 adbuc
1262 3470 1421 3578 cognita.
1483 3495 1547 3570 24.
1571 3468 1731 3548 Dantur
1757 3469 1980 3575 resolutiones
1999 3468 2229 3576 quarundam
2246 3471 2503 3579 aquationum.

955 3624 975 3676 2
984 3624 1019 3702 5.
1042 3596 1127 3673 Sint
1147 3615 1220 3676 tras
1241 3596 1304 3673 vel
1316 3595 1438 3705 plures
1457 3594 1686 3699 aquationes,
1710 3592 1898 3699 inquibus
1919 3594 2139 3695 dimenbones
2158 3595 2395 3698 terminorum
2409 3596 2503 3701 ſsent

951 3724 1148 3830 rqtpeotive
1177 3750 1217 3816 n,
1250 3748 1410 3817 11-m,
1442 3748 1641 3816 n-am,
1666 3724 1758 3816 &c.;
1788 3719 1839 3820 n',
1870 3723 1969 3801 n‘-
1983 3749 2036 3817 m,
2069 3722 2174 3803 n'-
2191 3749 2280 3820 am,
2301 3726 2390 3821 &c.;
2411 3731 2504 3822 &ca

863 3891 865 3896 ,
952 3835 1123 3954 affinitur
1141 3846 1390 3949 aquationem,
1421 3846 1521 3948 cujus
1540 3843 1654 3923 radix
1671 3843 1717 3946 all
1744 3845 1933 3951 incognita
1961 3847 2149 3949 quantitas
2170 3848 2234 3954 (x)
2255 3849 2296 3934 in
2309 3850 2502 3956 pradiblis
2593 3939 2595 3944 ,

952 3971 1215 4084 aquationibus
1251 3989 1430 4066 contenta,
1478 3969 1607 4049 habere
1635 3968 1844 4076 formulam
1880 3986 1923 4054 κ*
1951 3986 2002 4056 -l-
2028 3974 2168 4053 Px²·¹¹¹
2191 3992 2242 4063 4-
2268 3980 2430 4086 Qfflm
2450 4000 2503 4069 -.l-.

953 4108 1026 4183 hcc.
1044 4133 1096 4170 =
1111 4126 1159 4177 o:
1183 4100 1257 4176 hoc.
1317 4098 1379 4174 26.
1394 4095 1482 4177 Sint
1499 4094 1580 4173 dua
1598 4094 1661 4174 vel
1679 4092 1806 4202 plures
1824 4094 2041 4204 aquationes
2059 4097 2262 4206 incognitas
2280 4103 2507 4210 quantitates

955 4236 998 4336 (x
1020 4228 1061 4307 &
1081 4229 1124 4332 y)
1151 4221 1322 4319 fimiliter
1341 4222 1576 4314 involventes3
1600 4218 1784 4326 probatur
1800 4219 2049 4325 aquationem,
2070 4222 2169 4326 cujus
2188 4225 2302 4308 radin
2318 4224 2365 4330 est
2382 4230 2502 4313 ratio·

953 4351 1220 4459 nalisjiuzttio,
1242 4350 1282 4427 in
1302 4348 1377 4456 qud
1392 4376 1420 4429 =x
1437 4349 1478 4429 &
1494 4375 1531 4455 y,
1558 4348 1620 4426 vel
1636 4348 1677 4426 in
1696 4344 1799 4447 cuja
1818 4347 1995 4455 quadrato
2015 4351 2238 4455 quantitates
2257 4382 2282 4435 x
2299 4354 2343 4435 Co*
2361 4384 2386 4464 y
2392 4355 2502 4462 simi.

953 4481 1042 4562 liter
1056 4476 1315 4566 involvuntur,
1336 4470 1508 4553 dimidios
1515 4471 1728 4579 solummodo
1752 4469 1884 4552 habere
1905 4473 2141 4580 dimerafiones,
2160 4479 2432 4586 veljormulana
2444 4461 2512 4569 die-

954 4603 1152 4683 midiorutn
1171 4598 1418 4698 dimensionum
1437 4596 1663 4700 aquationis,
1684 4593 1785 4701 eeq'us
1803 4596 1918 4677 radix
1935 4595 1982 4702 est
1999 4624 2023 4678 x
2038 4601 2103 4688 vel
2116 4629 2141 4709 y
2150 4639 2162 4695 t
2192 4632 2341 4711 quorum
2360 4608 2509 4716 caestuum·

956 4733 1070 4810 multa
1090 4728 1322 4834 adjiciuntur
1339 4723 1510 4826 exemplo.
1549 4749 1635 4829 ,27·
1654 4726 1817 4803 Dantur
1835 4723 2023 4829 corfimiles
2043 4730 2293 4836 proposttiones
2311 4734 2355 4816 du
2374 4736 2503 4844 pluri·

956 4872 1019 4974 bus
1049 4859 1317 4975 quantitatibus
1337 4864 1510 4973 stmilt'ter
1532 4862 1632 4944 inter
1650 4868 1693 4961 se
1719 4863 1909 4947 involutis.
1969 4866 2035 4947 28.
2063 4868 2127 4949 Sit
2151 4873 2310 4981 aquatio
2338 4878 2378 4956 A
2392 4909 2447 4952 ε..-
2462 4903 2502 4974 o,

955 5116 1038 5204 qua
1055 5085 1210 5167 continet
1229 5085 1318 5168 duas
1336 5082 1739 5194 cognitosquontitates
1759 5088 1848 5171 u&
1865 5116 1904 5199 y,
1922 5086 1965 5216 in
1984 5088 2030 5170 et
2038 5103 2110 5200 pro
2129 5118 2155 5177 x
2168 5095 2368 5210 scribam,
2385 5042 2443 5230 {Q
2457 5098 2514 5179 [a.
2594 5199 2597 5206 .

2357 5290 2520 5401 refutat
