6900 6792
827 855 977 1034 ¹u
1302 843 2131 1028 PRAEFu'rlo.

946 1155 986 1222 γ,
1006 1115 1038 1214 l,
1057 1116 1147 1211 &c.;
1172 1116 1248 1198 &a
1275 1140 1321 1193 en
1352 1108 1454 1192 datis
1483 1103 1746 1215 aquationibus
1773 1099 1985 1209 regularum
2002 1094 2272 1206 praditlarum
2299 1112 2361 1207 ope
2387 1094 2496 1188 inve.

947 1241 1030 1324 niri
1049 1237 1214 1350 posunt:
1244 1263 1342 1318 nemo
1363 1230 1474 1343 priics
1505 1230 1796 1337 transformavit
1828 1226 1982 1320 radices,
2011 1222 2082 1330 nis
2107 1246 2153 1302 ex
2185 1220 2259 1303 tali
2291 1222 2501 1311 redudione

947 1372 1205 1483 aquationum,
1234 1385 1276 1447 ut
1304 1362 1500 1470 incognita
1526 1358 1754 1467 quantitates
1780 1373 1850 1465 per
1867 1349 2159 1466 sichlitutionem
2185 1353 2500 1458 exterminentur,

846 1576 849 1581 .
947 1501 993 1583 ὃ
1013 1498 1203 1592 nimirum,
1234 1521 1320 1574 nam
1345 1490 1422 1571 bac
1439 1484 1718 1591 transformatio
1746 1482 1866 1592 exigit
1885 1480 2081 1563 methodum
2099 1477 2287 1590 detegendi
2312 1511 2499 1594 aggrega·
2547 1517 2558 1528 ·

949 1641 1027 1705 tum
1046 1651 1065 1703 e
1078 1618 1239 1729 sngulis
1258 1612 1446 1697 valoribus
1466 1595 1702 1719 cossescunque
1725 1606 1947 1713 algebraica
1961 1604 2173 1712 sanationis
2191 1635 2375 1717 nunquam
2386 1611 2501 1721 prius

949 1746 1158 1827 traditam:
1188 1769 1284 1823 nemo
1303 1739 1399 1821 enim
1418 1751 1504 1817 ante
1523 1761 1577 1813 me
1594 1730 1694 1812 dedit
1699 1731 1884 1840 stammam
1902 1759 1921 1811 e
1924 1729 2085 1837 fingulis
2104 1729 2293 1814 valoribus
2310 1731 2499 1844 ceq‘sescun·

949 1899 1016 1979 que
1040 1866 1277 1950 irrationalis
1297 1864 1361 1944 vel
1370 1857 1618 1969 fratte‘onalis
1636 1857 1736 1939 data
1753 1854 1967 1966 aquationis
1986 1854 2154 1937 radicum
2167 1857 2408 1964 sunblionis:
2436 1891 2503 1947 nec

951 1992 1084 2099 aliquis
1105 1992 1204 2075 dedit
1222 1978 1420 2070 methodum
1438 1980 1625 2092 detegendi
1643 2000 1885 2091 aggregatum
1905 1980 2088 2088 esngulis
2107 1980 2294 2063 volonibus
2307 1987 2501 2093 quantita·
2520 2067 2522 2071 .

891 2207 893 2212 1
951 2135 1030 2199 sum
1049 2131 1087 2204 a·
1100 2116 1145 2215 βδ
1156 2129 1197 2222 q‘
1214 2118 1290 2198 &a
1309 2126 1359 2205 ÷
1376 2113 1455 2194 &a
1483 2139 1527 2192 esc
1538 2110 1694 2217 summis
1707 2107 1922 2218 potestatum
1935 2106 2170 2216 singularum
2188 2108 2356 2192 radicum
2376 2119 2438 2221 (a,
2456 2116 2501 2211 β,

951 2281 992 2348 γ,
1008 2245 1110 2342 &cs
1135 2242 1233 2324 data
1252 2237 1468 2347 aquationis
1479 2272 1492 2331 3
1521 2233 1584 2315 vel
1608 2233 1747 2341 exejus
1775 2231 2044 2342 coefficientibus
2061 2230 2160 2313 datis
2180 2248 2253 2341 per
2269 2234 2406 2344 legem;
2435 2236 2507 2341 nis
2539 2239 2541 2244 ’

953 2372 1121 2451 Cramer
1140 2364 1403 2477 progrediendo
1419 2392 1464 2445 ex
1489 2359 1649 2444 omnibus
1667 2358 1909 2468 asertionibus
1927 2358 2144 2466 aggregatis
2164 2360 2345 2467 pretini
2357 2365 2503 2473 generis

952 2492 1064 2590 datis,
1086 2491 1253 2601 proxime
1258 2487 1457 2595 superiora
1474 2485 1629 2592 colligit,
1663 2512 1745 2595 qua
1756 2503 1917 2595 perraro
1936 2484 1977 2564 in
1993 2481 2064 2563 hdc
2079 2510 2121 2562 re
2139 2484 2224 2590 ustei
2240 2486 2425 2595 inservire
2435 2506 2504 2599 po-

954 2614 1045 2722 tesl:
1077 2616 1119 2696 in
1138 2614 1261 2695 eddem
1280 2612 1435 2693 editione
1452 2609 1595 2717 heq'ecsce
1613 2609 1729 2717 operis
1748 2609 1960 2718 applicatur
1980 2606 2169 2715 pradilia
2186 2610 2364 2694 methodus
2382 2616 2507 2727 trans-

941 2738 1186 2846 formationis
1203 2738 1258 2818 ad
1272 2734 1517 2843 proprietates
1535 2760 1741 2814 curvarum
1759 2729 2046 2839 investigandas,
2075 2729 2117 2812 in
2135 2731 2211 2839 qud
2216 2729 2320 2841 sape
2330 2734 2509 2843 perutilis

919 2928 921 2931 ,
955 2860 1015 2969 esi,
1044 2889 1129 2942 nam
1144 2861 1249 2969 sape
1260 2858 1504 2966 proprietates
1517 2856 1734 2966 solummodo
1747 2855 1943 2963 pendente
1964 2852 2102 2962 primis
2119 2854 2275 2963 quafita
2290 2859 2507 2962 aquationis

956 2984 1149 3078 terminis;
1178 2983 1359 3090 etiamque
1371 2980 1424 3062 ad
1437 2979 1676 3062 inveniendas
1690 2977 1906 3088 impofflbiles
1921 2977 2077 3073 radices,
2095 2976 2150 3058 ad
2161 2976 2324 3061 delendas
2330 2982 2469 3090 surdas
2489 3013 2509 3063 e

957 3105 1052 3188 datd
1067 3105 1269 3215 aquatione
1287 3103 1526 3217 quantitates,
1543 3105 1588 3185 &⁷
1605 3103 1660 3184 ad
1672 3102 1897 3209 resolutiones
1915 3100 2160 3210 aquationum
2180 3102 2224 3184 &
2243 3132 2288 3183 ex
2306 3091 2389 3186 med
2405 3107 2449 3188 &t
2462 3138 2509 3189 ex

959 3223 1245 3310 Tschirnhaufi
1276 3223 1430 3306 methodo
1453 3223 1607 3333 petitas.
1664 3228 1712 3306 In
1728 3224 1895 3333 secundd
1922 3225 2077 3307 editione
2104 3225 2226 3333 heseese
2252 3228 2525 3335 operisdatur.

959 3381 1054 3435 nova
1075 3350 1252 3433 methodus
1271 3350 1483 3433 inveniendi
1503 3349 1693 3456 pradilia
1711 3370 1918 3459 aggregata
1937 3380 1982 3431 ex
2009 3347 2193 3460 afflemptis
2212 3351 2313 3435 datis
2332 3359 2509 3464 aquatio-

831 3503 834 3508 ‘
960 3477 1078 3571 nibus,
1107 3502 1265 3582 quarum
1286 3474 1429 3555 radices
1447 3473 1681 3581 innotescunt,
1706 3472 1751 3554 ὅ
1769 3475 1897 3558 exinde
1914 3492 2123 3584 aggregata
2143 3476 2392 3585 respondentia
2410 3473 2513 3592 qua.

961 3597 1092 3691 rendo;
1127 3597 1378 3706 etiamqueex
1404 3595 1670 3705 aquationibus
1697 3596 1917 3704 inferiorum
1943 3598 2192 3705 dimensionum
2219 3601 2513 3708 adaequationes

862 3728 864 3732 '
949 3716 1185 3825 superiorum
1209 3717 1469 3825 progrediendo
1480 3757 1495 3815 ς
1522 3748 1603 3829 qua
1627 3719 1783 3800 methodi
1808 3721 1850 3801 in
1878 3721 2002 3801 multis
2021 3723 2154 3825 casbus
2181 3724 2354 3829 majorem
2379 3728 2513 3815 babent

951 3844 1197 3952 facilitatem.
1255 3842 1518 3925 Schootenius
1547 3843 1589 3923 in
1606 3843 1764 3951 singulis
1789 3845 1875 3925 locis
1901 3848 2000 3926 data
2027 3850 2243 3957 aquationis
2270 3851 2515 3957 deficientibus

958 3967 1093 4075 scribit
1105 3965 1247 4071 sgnum
1267 3981 1319 4051 -ἱ-
1337 3966 1401 4046 vel
1412 4004 1482 4061 -3
1501 3966 1544 4047 &
1558 3963 1720 4075 affirmat
1737 3982 1792 4046 tot
1797 3967 1932 4075 saltem
1946 3970 2087 4050 radices
2102 3972 2164 4079 ese
2181 3975 2411 4085 impofflbiles,
2429 4002 2515 4089 quot

961 4090 1072 4201 potest
1090 4087 1152 4197 ossi
1180 4087 1344 4167 maxima
1370 4087 1584 4197 differentia
1603 4090 1704 4171 inter
1721 4117 1908 4183 numerum
1936 4094 2178 4177 mutationum
2200 4099 2386 4207 sgnorum
2400 4104 2442 4185 de
2461 4124 2514 4194 -s-

968 4223 1009 4301 in
1038 4259 1094 4276 -
1110 4214 1153 4294 ὃ
1172 4254 1230 4273 -
1256 4212 1297 4291 in
1319 4228 1371 4298 ÷
1400 4241 1446 4292 ex
1473 4213 1736 4322 quibuscunque
1763 4211 1902 4294 duabus
1924 4214 2237 4321 substitutionibus
2265 4222 2514 4335 hujuscemodi

968 4342 1186 4424 Neutonus
1216 4334 1316 4416 dedit
1332 4336 1517 4444 regulam,
1547 4361 1593 4423 eos
1616 4336 1692 4447 qud
1707 4338 1807 4446 sape
1835 4339 1992 4446 cognosci
2015 4339 2141 4449 potest,
2170 4362 2254 4453 quot
2279 4350 2421 4433 radices
2441 4353 2517 4457 snt

965 4466 1148 4580 pofflbiles,
1176 4462 1219 4545 Co?
1239 4480 1321 4570 quot
1341 4463 1583 4570 inpofflbiles:
1615 4463 1827 4573 Campbell
1847 4466 2007 4549 &Mac
2025 4468 2225 4553 Lauricius
2250 4477 2437 4579 consmiles
2455 4509 2518 4562 re·

966 4596 1074 4706 gulas
1088 4588 1273 4694 adecere:
1304 4588 1345 4668 in
1351 4590 1518 4699 secuml
1528 4589 1684 4673 editione
1696 4590 1839 4696 hujusce
1851 4593 1968 4701 operis
1981 4598 2212 4679 continentur
2209 4601 2347 4711 forsan
2361 4607 2519 4692 maxime

967 4713 1159 4825 generalia
1172 4712 1365 4821 principia
1383 4713 1539 4794 omnium
1558 4714 1675 4797 adhuc
1691 4713 1869 4796 editorum
1888 4716 2104 4802 inveniendi
2116 4722 2344 4830 funiliones,
2374 4732 2519 4843 inqui-

974 4839 1038 4920 bus
1060 4838 1184 4945 plures
1203 4839 1428 4943 quantitates
1436 4833 1612 4941 similiter
1629 4836 1888 4940 involvuntur,
1917 4869 1998 4950 qua
2011 4843 2158 4953 stmper
2174 4850 2331 4933 eundem
2354 4842 2520 4965 offirma-¹

881 4988 884 4992 ·
975 4963 1083 5056 tiva,
1103 4989 1183 5041 cum
1203 4959 1427 5071 quantitates
1445 4961 1532 5072 ipsa
1538 4963 1616 5072 snt
1626 4961 1811 5073 pofflbiles,
1821 4957 1907 5046 'hac
1924 4984 2052 5049 autem
2065 4971 2175 5054 multo
2194 4977 2314 5084 magis
2326 4981 2522 5087 generalia

976 5083 1081 5168 reddi
1103 5085 1266 5196 posunt;
1297 5089 1426 5174 exhinc
1453 5092 1538 5174 crui
1555 5085 1698 5204 posunt
1724 5090 1849 5178 multa
1876 5095 2014 5205 regula
2040 5127 2228 5185 numerum
2259 5104 2524 5216 e‘mpofflhilium

1428 5266 1432 5274 ·
1501 5227 1514 5250 ⁹
2426 5231 2526 5314 data
