6900 6792
1322 989 1360 1086 P
1432 989 1479 1084 R
1535 993 1594 1086 AE
1668 993 1706 1085 F
1764 995 1810 1086 A
1870 992 1916 1087 T
1989 996 2012 1088 Ῑ
2085 997 2146 1090 Ο.
2461 1005 2512 1099 iii

960 1174 1176 1290 aquationis
1187 1189 1259 1283 per
1272 1173 1378 1256 datas
1397 1174 1622 1284 quantitates
1635 1177 1746 1256 auexit
1770 1179 1813 1258 &
1828 1175 2016 1277 diminuit,
2033 1177 2356 1288 multiplicavit&
2373 1180 2512 1288 diviſse.

963 1303 1087 1388 Dedit
1116 1302 1229 1382 etiam
1248 1300 1418 1381 methodos
1438 1301 1540 1382 baud
1563 1302 1782 1408 inelegantes
1810 1303 2024 1384 inveniendi
2050 1305 2249 1386 rationales
2278 1307 2420 1387 valerus
2450 1309 2509 1387 in-

960 1429 1190 1536 cognitarum
1219 1430 1471 1536 quantitatum
1500 1429 1727 1532 quarundam
1763 1429 2068 1537 quadraticaruon
2101 1432 2344 1540 aquationum
2374 1437 2509 1538 carrofi

952 1555 1156 1662 pandentes.
1224 1555 1288 1633 De
1320 1554 1530 1663 quantitate
1567 1553 1759 1635 binoosiali
1789 1559 1829 1659 (a
1844 1569 1895 1640 -l-
1911 1556 1974 1658 b)'¹
2001 1557 2055 1636 ad
2077 1556 2283 1662 potestatem
2314 1560 2511 1666 quamlibet

959 1680 1089 1758 evetld
1106 1678 1350 1784 verbosaris,
1370 1679 1531 1788 dicitque
1548 1679 1717 1760 litoralia
1738 1696 1903 1760 contenta
1922 1679 1984 1788 effi
2003 1695 2056 1776 a'¹,
2079 1693 2163 1762 a³·'
2175 1683 2213 1779 b,
2239 1694 2327 1763 a³·²
2340 1684 2398 1778 b2,
2415 1685 2507 1780 &c.;

958 1801 1138 1912 etiamque
1170 1804 1413 1913 coefficientem
1445 1805 1598 1886 termini
1617 1805 1774 1915 struendi
1806 1835 1916 1887 renum
1935 1806 2026 1915 fore
2060 1837 2079 1888 e
2109 1809 2268 1889 numeris
2293 1809 2509 1916 triangula-

958 1925 1074 2028 ribus,
1104 1930 1346 2039 coeffcientem
1365 1931 1477 2013 tertii
1494 1929 1649 2011 termini
1674 1959 1785 2012 unuin
1802 1929 1894 2038 sore
1912 1957 1930 2007 e
1948 1929 2108 2008 numeris
2126 1929 2430 2036 pyramidolibns,
2464 1934 2506 2012 ld

942 2048 1001 2154 fic
1036 2050 1210 2160 deinceps.
1270 2054 1416 2136 Pascall
1458 2055 1502 2135 de
1539 2053 1699 2135 numeris
1738 2051 2048 2158 triangularibus,
2084 2051 2390 2160 pyramidalibus,
2429 2059 2505 2140 &a

956 2175 1187 2260 inveniendis
1221 2181 1306 2289 agit
1316 2219 1329 2276 ;
1368 2179 1494 2264 deinde
1529 2181 1747 2262 Neutonus
1788 2179 1934 2260 invenit
1968 2176 2159 2260 binomiole
2195 2179 2387 2275 theorema,
2421 2181 2504 2266 viz.

956 2335 2020 2519 (a÷b)⁰=a¹¹÷na¹¹·¹b÷n.¹¹-'{*¹a¹¹·2b2÷
2038 2383 2114 2464 &a
2173 2385 2412 2489 Qantitates
2432 2411 2503 2482 aa,

954 2581 1063 2654 aaa,
1084 2564 1157 2643 &a
1176 2563 1370 2674 aliquando
1390 2577 1448 2664 a2,
1468 2577 1525 2661 a3,
1545 2565 1621 2645 &a
1635 2578 1706 2670 pro
1725 2561 1996 2671 quantitatibus
2017 2565 2104 2669 Aq,
2127 2563 2165 2641 A
2177 2587 2212 2657 c,
2228 2563 2303 2643 &a
2316 2563 2504 2668 fisbstituit

953 2681 1203 2785 Has-rioms,
1229 2691 1466 2798 aquationem
1483 2692 1670 2798 integram
1689 2689 1867 2769 adunam
1884 2705 2031 2796 partem
2051 2704 2215 2785 revocat,
2244 2689 2289 2768 {a
2307 2691 2506 2800 nibilosa.

952 2808 1007 2888 cit
1024 2814 1211 2920 aqualem,
1238 2820 1282 2898 &
1299 2819 1428 2900 exinde
1445 2847 1575 2900 veram
1591 2815 1771 2924 originem
1792 2815 2033 2922 aquationum
2048 2815 2283 2923 superiorum
2302 2846 2347 2896 ex
2366 2838 2503 2926 compo-

935 2929 1071 3030 stione
1099 2935 1311 3019 lateralium
1340 2942 1385 3022 ὅ
1411 2940 1679 3052 cosefficientium
1708 2936 1989 3040 constitutionem
2017 2935 2164 3042 ostendit
2175 2975 2188 3031 3
2215 2934 2269 3016 ad
2293 2938 2505 3046 detegendas

951 3054 1168 3162 impofflbilss
1186 3062 1329 3143 radices
1346 3062 1484 3143 cubica
1503 3062 1720 3170 aquationis
1740 3061 1821 3162 ustis
1847 3061 1893 3165 esl
1921 3060 2044 3164 iisdem
2067 3058 2284 3166 principiis,
2314 3063 2502 3170 exquibus

948 3181 1104 3262 ulterius
1125 3191 1300 3288 promotis
1327 3189 1476 3288 acquiri
1498 3188 1638 3291 poffunt
1664 3185 1848 3267 Neutoni
1875 3186 2102 3288 aliorumque
2128 3188 2318 3288 confimiles
2350 3193 2499 3296 regula.

949 3309 1067 3386 Hunc.
1082 3305 1327 3412 irficntnsdl
1355 3303 1568 3400 eartefius,
1598 3303 1748 3385 ultimas
1775 3303 1905 3384 literas
1931 3303 2132 3412 alphabeta
2151 3331 2191 3401 x,
2213 3333 2251 3413 y,
2273 3334 2308 3404 z,
2330 3314 2405 3394 &a
2427 3335 2501 3422 pro

948 3431 1145 3540 incognitis
1172 3429 1457 3540 quantitatibus,
1480 3430 1627 3539 primas
1654 3456 1741 3509 vero
1769 3453 1805 3522 a,
1826 3428 1867 3523 b,
1889 3453 1922 3522 c,
1945 3429 2021 3509 &a
2045 3445 2117 3535 pro
2146 3431 2301 3537 cognitis
2327 3437 2475 3521 adhibet
2488 3453 2510 3533 ς’

949 3575 1001 3640 rot
1019 3557 1081 3667 effe
1098 3559 1240 3640 radices
1258 3557 1518 3666 affirmativas,
1548 3555 1718 3666 quotſsnt
1738 3553 1954 3634 mutationes
1966 3553 2149 3660 signorum
2167 3555 2210 3637 de
2230 3574 2280 3650 ÷
2302 3561 2343 3642 iu
2363 3609 2429 3662 -,
2454 3568 2498 3648 εξ

948 3724 1006 3744 ·-
1020 3685 1062 3764 in
1076 3701 1128 3774 -Ι-
1138 3723 1149 3780 ;
1170 3701 1321 3764 cateras
1341 3706 1429 3761 vero
1449 3680 1646 3786 negativas
1664 3675 1738 3787 cpe,
1745 3677 1788 3784 st
1802 3675 1898 3757 modo
1912 3703 2027 3755 omnes
2041 3677 2256 3787 aquationis
2273 3684 2415 3766 radices
2433 3691 2496 3792 (x)

934 3809 1014 3912 stnt
1041 3809 1224 3916 poſjibs'les,
1257 3803 1382 3916 affluit
1407 3802 1621 3900 eartessus,
1652 3803 1753 3909 cujus
1780 3800 1918 3909 regula
1945 3800 2272 3910 dmosprosiooem
2296 3839 2341 3888 ex
2368 3812 2496 3892 noorlti·

881 3917 889 3927 ⁸
940 3933 1139 4041 plicatione
1156 3932 1255 4013 data
1273 3926 1488 4036 aquationis
1506 3926 1548 4007 in
1567 3953 1697 4008 x=a
1714 3927 1757 4007 &
1777 3943 1865 4015 x÷
1878 3952 1915 4020 a,
1944 3954 2025 4008 cum
2044 3927 2120 4032 ejus
2137 3929 2280 4010 radices
2291 3934 2365 4030 stuc
2383 3965 2496 4017 onmes

941 4057 1121 4166 pofflbiles,
1144 4057 1291 4164 primns
1317 4051 1479 4136 tradidit
1508 4053 1624 4133 Gua:
1652 4068 1706 4132 tot
1724 4047 1856 4160 saltem
1883 4053 2098 4135 mutationes
2112 4055 2302 4162 stguornm
2329 4059 2371 4140 in
2399 4061 2496 4140 omisi

947 4183 1148 4294 aquatione
1161 4179 1223 4292 effi
1235 4181 1279 4262 de
1290 4193 1342 4267 -Ι-
1358 4178 1399 4260 in
1409 4220 1477 4276 -,
1491 4178 1534 4257 fa
1544 4222 1599 4239 -
1613 4175 1655 4256 in
1666 4191 1718 4264 -Ι-
1727 4213 1739 4269 ;
1760 4193 1843 4284 quot
1845 4174 1940 4282 ssent
1950 4175 2189 4284 affirmativa
2203 4177 2345 4284 radices
2354 4219 2366 4276 ;
2384 4183 2427 4262 ὅθ
2441 4200 2495 4264 tot

934 4311 1127 4392 continuos
1138 4303 1339 4416 progreffns
1357 4301 1400 4384 de
1418 4315 1471 4390 -t-
1490 4300 1532 4381 in
1551 4315 1602 4392 ÷
1624 4300 1668 4380 ἔθ’
1688 4343 1741 4363 ·-
1761 4298 1803 4378 in
1826 4343 1889 4396 -,
1918 4317 2001 4405 quot
2015 4299 2109 4404 stent
2129 4303 2316 4406 negativa
2332 4305 2492 4404 radices,

946 4434 1090 4542 invenit
1112 4437 1282 4542 Segner:
1305 4427 1471 4538 primum
1497 4423 1538 4504 in
1550 4423 1683 4531 primel
1709 4422 1863 4503 editione
1881 4418 2022 4530 beq'essce
2047 4425 2161 4530 operis
2180 4426 2400 4534 edoctasnit
2418 4461 2490 4512 rne-

944 4559 1068 4642 tbodns
1094 4556 1294 4666 detegendi,
1328 4580 1446 4634 annon
1473 4577 1587 4632 omnes
1614 4551 1755 4631 radices
1783 4550 1881 4631 data
1900 4548 2115 4658 aquationis
2129 4549 2210 4657 fiat
2231 4553 2417 4661 poffibiles,
2448 4559 2492 4638 (θ’

944 4687 1074 4771 exinde
1100 4704 1225 4769 utrum
1243 4685 1322 4766 hac
1338 4680 1468 4791 regula
1486 4677 1673 4788 applicari
1694 4677 1818 4786 potest,
1846 4705 1977 4756 eterne:
2008 4674 2069 4756 hic
2083 4674 2219 4785 sorsum
2238 4677 2340 4760 baud
2364 4681 2491 4790 indig-

945 4839 1031 4894 nurn
1049 4809 1095 4912 epl
1111 4808 1316 4916 observatu,
1346 4804 1439 4914 qnod
1463 4803 1504 4884 in
1519 4803 1783 4914 aquationibus
1803 4801 2037 4909 ¹fisperiornm
2058 4799 2306 4905 dimerfionnm
2322 4797 2492 4908 fortuito

943 4931 1131 5042 affnmptis
1143 4951 1301 5042 perraro
1320 4947 1516 5012 occurrunt
1533 4931 1762 5037 aquationes,
1784 4957 1938 5038 quarum
1959 4953 2071 5006 omnes
2090 4924 2232 5005 radices
2243 4930 2332 5030 funt
2348 4927 2489 5036 poffibi·

944 5075 1012 5159 Ies3
1029 5063 1154 5170 igitur
1172 5062 1212 5142 in
1227 5060 1295 5142 tte
1311 5089 1352 5140 re
1370 5056 1658 5162 defiderandaest
1677 5057 1815 5164 regula,
1837 5081 1916 5164 qua
1929 5055 2092 5160 priunum
2112 5049 2285 5131 ineveniat
2303 5082 2490 5134 nnmerum

943 5173 1204 5297 impffbilinm
1229 5189 1328 5270 dota
1357 5183 1572 5295 aquationis
1600 5181 1793 5296 coelicorum
1824 5175 1949 5260 deinde
1980 5175 2062 5256 dato
2094 5175 2352 5284 impofflbilinsn
2382 5177 2488 5257 radi-

1522 5323 1528 5340 ·
2409 5329 2488 5380 cum
