6900 6792
1083 811 1090 831 κ
1180 889 1186 896 ,
1258 767 1826 967 A-NA'LY‘rici.
1949 855 1959 870 ·
2314 837 2390 957 25·

726 1008 728 1011 ’
840 986 957 1069 Patet
983 978 1109 1095 igitur
1136 1008 1160 1064 a
1185 978 1362 1092 tennino
1388 979 1524 1095 primo
1543 980 1594 1065 ad
1618 975 1842 1071 terminum
1861 994 2054 1090 quartum
2071 975 2117 1065 in
2134 976 2309 1091 utrique
2326 1006 2382 1064 ω-

840 1106 1033 1222 quatione
1048 1106 1159 1215 figna
1177 1103 1250 1188 effe
1266 1105 1417 1190 eadem.
2164 1197 2168 1213 ³
2292 1137 2294 1142 ·
2453 1207 2455 1212 y

897 1237 936 1315 A
955 1229 1130 1315 termino
1157 1244 1293 1312 autem
1313 1244 1459 1341 quarto
1486 1226 1532 1312 in
1561 1225 1657 1312 data
1674 1225 1917 1340 aequatione,
1937 1231 1978 1311 &
1997 1253 2022 1312 a
2038 1226 2216 1314 termino
2233 1226 2382 1343 quinto

807 1436 810 1442 .
841 1359 885 1443 in
904 1357 1024 1456 novi,
1053 1356 1164 1466 signa
1190 1355 1263 1439 effe
1275 1356 1429 1468 semper
1445 1354 1608 1441 diversa.

894 1494 945 1573 In
968 1506 1146 1604 utroque
1163 1489 1254 1575 casu
1271 1488 1397 1601 igitur
1419 1492 1569 1574 eaedem
1586 1465 1680 1576 suxit
1706 1492 1954 1578 mutationes
1977 1492 2204 1605 fignorum;
2233 1494 2290 1578 est
2308 1516 2383 1578 au-

840 1638 924 1705 tem
943 1618 987 1701 in
1010 1614 1116 1701 novi
1135 1616 1364 1730 aequatione
1382 1646 1407 1701 a
1427 1617 1770 1729 terminoquarto
1789 1623 1840 1706 ad
1858 1621 2052 1733 quintum
2070 1622 2192 1710 unica
2205 1621 2382 1709 mutatio

841 1748 1060 1858 fignomm,
1081 1772 1173 1856 quae
1191 1772 1279 1829 non
1296 1745 1353 1829 est
1370 1744 1416 1829 in
1434 1747 1528 1830 data
1546 1748 1789 1859 aequatione.

897 1873 1053 1956 Eodem
1071 1874 1194 1957 modo
1209 1888 1364 1985 pateret
1381 1899 1600 1958 numerum
1621 1875 1900 1961 mutationum
1929 1875 2136 1988 fignorum
2149 1905 2223 1965 nec
2242 1874 2381 1991 augeri

841 2028 916 2086 nec
934 1998 1067 2083 minui
1086 1997 1422 2115 multiplicatione
1448 2027 1520 2114 per
1540 2004 1644 2113 (κ-Ι-
1652 2003 1710 2112 a.)

896 2134 1017 2220 Unde
1034 2131 1211 2243 sequitur
1237 2153 1302 2221 tot
1320 2131 1394 2217 esse
1411 2135 1561 2221 radices
1581 2136 1852 2237 affismativas,
1880 2154 1983 2250 quot
2005 2136 2100 2223 sunt
2118 2135 2381 2241 mutationes,

841 2259 1184 2373 s1gnorumde÷
1202 2261 1248 2349 in
1260 2307 1318 2332 -··
1335 2264 1376 2345 &
1392 2303 1452 2380 3-
1470 2263 1516 2350 in
1533 2282 1601 2368 4,
1618 2283 1779 2355 caeteras
1797 2294 1894 2353 vero
1911 2267 2118 2379 negativas
2134 2266 2226 2355 effe.
