6900 6792
892 1030 900 1045 Ι
1313 861 2055 999 Aaonnnntca;
2360 910 2454 1027 ηρ

764 1076 770 1201 ;
927 1111 930 1117 ·
951 1145 953 1152 ,
973 1076 1054 1161 Hic
1068 1075 1195 1160 visum
1215 1076 1270 1160 est
1288 1076 1505 1188 adjungere
1525 1080 1744 1164 nonnullas
1761 1079 1971 1163 methodos
1992 1076 2236 1190 aquationes
2257 1080 2315 1160 vel
2336 1079 2457 1159 resol-

919 1204 1036 1288 vendi
1055 1206 1115 1285 vel
1135 1203 1360 1286 reducendi.

983 1354 1016 1406 1.
1047 1323 1134 1406 Sint
1153 1328 1243 1408 duae
1262 1330 1323 1408 vel
1343 1331 1474 1438 plures
1494 1324 1739 1437 aquationes
1761 1328 1858 1409 datae
1877 1327 1975 1409 duas
1996 1329 2054 1409 vel
2080 1328 2211 1437 plures
2232 1324 2457 1432 incognitas

921 1449 1165 1559 quantitates
1183 1459 1244 1557 (x,
1260 1482 1291 1551 γ,
1308 1484 1349 1549 z,
1365 1455 1463 1553 acc.)
1488 1453 1698 1544 habentes,
1720 1479 1765 1530 ex
1787 1450 2023 1560 quibusdam
2044 1449 2146 1532 datis
2167 1451 2457 1559 aquationibus

921 1570 1180 1654 inveniantur
1198 1575 1454 1681 quantitates,
1472 1603 1558 1683 quae
1578 1576 1637 1652 vel
1656 1573 1696 1652 in
1719 1572 1878 1682 reliquis
1898 1573 2172 1669 continentur,
2191 1578 2248 1653 vel
2270 1602 2290 1653 e
2311 1574 2457 1682 quibus
2563 1623 2565 1626 -

922 1696 1039 1778 facile
1057 1698 1197 1779 deduci
1218 1698 1376 1807 possunt
1397 1700 1640 1808 quantitates
1662 1697 1704 1779 in
1734 1699 1895 1807 reliquis
1916 1718 2137 1779 contentae:
2170 1698 2461 1780 substituantur

923 1821 987 1903 hae
1006 1822 1249 1930 quantitates
1269 1823 1311 1903 in
1333 1825 1495 1934 reliquis
1516 1853 1588 1934 pro
1618 1823 1693 1904 suis
1715 1825 1929 1917 valoribus,
1961 1827 1999 1901 dc
2020 1848 2317 1932 nonnunquam
2341 1826 2479 1906 1·esul-·

922 1964 982 2028 tat
1002 1945 1180 2029 redudlio
1200 1948 1371 2056 quaestta.
1780 2031 1782 2036 .

985 2099 1019 2153 1.
1040 2098 1078 2151 2.
1108 2069 1218 2182 Saepe
1237 2101 1284 2154 ex
1304 2072 1536 2180 hujusmodi
1566 2070 1844 2153 substitutione
1864 2069 2118 2154 exterminari
2149 2071 2309 2181 poliunt
2330 2104 2350 2155 e
2372 2076 2463 2155 reli·

924 2196 1015 2306 quis
1034 2198 1329 2306 aquationibus
1350 2199 1532 2305 quaedam
1554 2198 1769 2301 incognita
1789 2198 2048 2303 quantitates.

984 2349 1023 2402 2.
1042 2324 1103 2401 Ex
1119 2322 1281 2428 aequatis
1298 2321 1454 2401 diversis
1468 2316 1668 2400 valoribus
1685 2316 1856 2422 ejusdem
1874 2317 2112 2425 quantitatis
2129 2347 2149 2399 e
2165 2320 2321 2402 diversis
2336 2350 2467 2432 aqua·
2484 2405 2487 2412 ,

924 2444 1102 2529 tionibus
1123 2444 1269 2554 petitis,
1293 2444 1390 2551 saepe
1408 2441 1549 2525 deduci
1571 2441 1696 2551 potest
1718 2438 1906 2525 resolutio
1927 2444 1985 2526 vel
2007 2443 2186 2522 reductio
2207 2446 2382 2551 quaesrta.

985 2597 1024 2675 3.
1065 2571 1127 2647 Ex
1168 2566 1384 2661 additione,
1420 2564 1699 2659 subtradlione,
1739 2563 2086 2673 multiplicatione,
2118 2567 2190 2645 &c
2225 2566 2466 2653 diversarum
2557 2575 2559 2579 ⁴

927 2688 1202 2797 aquationum
1223 2687 1320 2797 saepe
1339 2685 1483 2768 deduci
1503 2686 1628 2796 potest
1648 2686 1759 2767 valor
1778 2683 2029 2791 quantitatis,
2045 2683 2127 2793 qua
2145 2675 2306 2794 quidem
2328 2690 2467 2775 inven-

928 2809 985 2907 tit,
1005 2809 1120 2891 facile
1139 2808 1281 2888 deduci
1301 2808 1428 2917 potest
1448 2808 1627 2891 reductio
1647 2804 1821 2915 quaesita.

986 2960 1024 3039 4.
1043 2930 1290 3026 Inveniatur,
1311 2957 1449 3012 annon
1471 2932 1653 3039 quaedam
1676 2928 1818 3010 edatis
1838 2929 2137 3038 aquationibus
2152 2929 2349 3045 recipiant
2369 2935 2470 3024 divi-

929 3060 1052 3155 sores3
1081 3057 1141 3137 vel
1171 3083 1217 3138 ex
1245 3054 1460 3150 additione,
1490 3050 1768 3145 subductione,
1799 3049 2148 3161 multiplicatione,
2178 3059 2251 3138 &e
2284 3061 2469 3141 datarum
2606 3156 2613 3166 f

929 3180 1205 3291 aequationum
1221 3177 1263 3258 in
1279 3163 1535 3285 quascunque
1554 3172 1796 3283 quantitates
1814 3174 2041 3269 ductarum,
2058 3178 2143 3255 erui
2162 3176 2319 3283 possunt
2339 3208 2469 3288 aqua·
2571 3237 2574 3250 .

825 3323 831 3332 '
930 3307 1073 3401 tiones,
1104 3328 1193 3410 quae
1213 3300 1405 3408 recipiant
1433 3298 1637 3381 divisores:
1667 3292 1900 3379 fidivisores
1923 3296 2113 3406 recipiant
2134 3301 2378 3408 aquationes
2408 3334 2469 3386 re-

931 3429 1135 3520 sultantes,
1157 3446 1243 3503 tum
1263 3418 1433 3530 deprimi
1453 3417 1625 3529 poliunt.

991 3578 1027 3659 5.
1059 3548 1115 3630 Sit
1135 3546 1310 3656 aequatio
1328 3546 1426 3626 duas
1447 3547 1507 3623 vel
1535 3547 1668 3652 plures
1691 3543 1762 3648 (n)
1785 3539 2007 3647 incognitas
2029 3542 2273 3649 quantitates
2297 3556 2359 3654 (x,
2373 3581 2409 3652 y,
2427 3584 2469 3651 z,

935 3679 1033 3775 acc.)
1051 3672 1271 3767 involvens,
1291 3668 1334 3748 in
1355 3666 1435 3775 qui
1456 3665 1709 3748 solummodo
1730 3664 1890 3747 termini
1909 3696 1932 3742 n
1948 3671 1986 3745 dc
2001 3696 2025 3745 n
2041 3713 2088 3728 -
2103 3696 2136 3762 1,
2157 3674 2215 3750 vel
2232 3702 2269 3766 n,
2287 3704 2311 3752 n
2324 3716 2377 3731 --
2393 3703 2406 3755 1
2431 3682 2470 3755 dc

934 3823 1057 3883 n-a
1080 3794 1388 3890 dimensionum,
1416 3796 1455 3871 dc
1482 3791 1532 3872 stc
1561 3791 1758 3899 deinceps,
1786 3790 2065 3870 continentur:
2094 3796 2155 3873 vel
2185 3795 2212 3874 st
2238 3800 2360 3877 modo
2380 3802 2469 3879 talis

934 3925 1107 4037 aequatio
1126 3949 1173 4002 ex
1193 3917 1408 4013 additione,
1439 3914 1713 4010 subdudlione,
1732 3919 1803 3995 &c
1829 3916 2013 3994 datarum
2034 3918 2308 4024 aquationum
2330 3922 2472 4006 deduci

935 4049 1082 4163 potest:
1104 4045 1145 4127 in
1167 4042 1213 4123 ed
1233 4070 1305 4151 pro
1325 4069 1364 4138 x,
1379 4069 1419 4137 z,
1436 4045 1510 4123 dcc.
1531 4040 1753 4121 scribantur
1768 4077 1797 4123 π
1799 4070 1841 4146 y,
1861 4077 1878 4151 ρ
1881 4067 1920 4144 y,
1938 4042 2027 4133 &c.;
2049 4039 2209 4122 resultat
2230 4048 2405 4153 aequatio
2422 4075 2469 4128 ex

935 4172 1015 4286 quit
1036 4167 1149 4252 sacile
1169 4164 1310 4245 deduci
1331 4164 1457 4273 potest
1478 4161 1682 4271 quantitas
1694 4193 1734 4269 y.

989 4300 1027 4378 6.
1056 4296 1366 4395 Nonnunquam
1386 4312 1407 4363 e
1426 4281 1582 4363 diversrs
1603 4279 2025 4364 transformationibus
2046 4283 2244 4365 constabit
2273 4290 2467 4395 aequatio-
2584 4296 2590 4305 '

936 4444 1037 4503 num
1058 4412 1236 4499 reductio
1256 4409 1317 4490 vel
1335 4404 1530 4489 resolutio.

990 4571 1028 4650 7.
1057 4545 1118 4620 Ex
1140 4539 1210 4645 (n)
1232 4532 1332 4616 datis
1363 4530 1654 4640 aquationibus
1679 4536 1725 4637 (n
1728 4531 1750 4631 )
1771 4530 1995 4640 incognitas
2015 4531 2257 4641 quantitates
2285 4535 2469 4619 habenti-

935 4672 1010 4751 bus
1034 4659 1312 4775 (x,y·,z,&c.)
1330 4680 1627 4766 nonnunquam
1655 4653 1848 4735 constabit
1879 4653 2053 4735 formula
2082 4658 2318 4765 aquationis
2349 4661 2468 4744 resul-

938 4791 1075 4886 tantis,
1095 4788 1209 4894 cujus
1229 4784 1339 4867 radix
1361 4781 1416 4864 est
1434 4812 1460 4862 x
1479 4782 1539 4861 vel
1552 4807 1578 4887 y
1600 4777 1658 4857 vel
1678 4806 1718 4876 z,
1735 4782 1807 4860 &e
1832 4780 1891 4858 vel
1913 4806 1958 4859 ex
1981 4777 2028 4858 iis
2048 4785 2226 4887 quadam
2249 4782 2420 4872 funclio.

993 4917 1032 5001 Si
1050 4913 1138 4996 talis
1159 4929 1409 5023 proponatur
1429 4906 1606 5002 formula
1625 4903 1856 5013 aquationis
1876 4903 2113 5004 resultantis,
2133 4920 2178 4986 ut
2198 4905 2280 5013 ejus
2301 4909 2390 4992 duae
2411 4924 2472 5004 vel

1411 5052 1415 5058 ·
1653 5028 1703 5106 li
2338 5033 2473 5140 plures
