6900 6792
1394 750 1996 884 ‚ANA'LYTlcn
2432 769 2526 892 87.

939 973 1003 1040 tas
1023 952 1270 1067 quantitates
1294 952 1453 1050 habere,
1476 955 1517 1035 be
1531 949 1823 1060 consequenter
1850 950 2026 1032 duarum
2063 952 2250 1033 datarum
2276 923 2495 1035 curvarum

941 1108 1020 1194 ope
1043 1079 1153 1164 baud
1180 1075 1418 1189 generaliter
1446 1073 1625 1162 construi
1645 1072 1809 1186 possunt
1842 1072 2089 1184 aequationes
2119 1077 2254 1187 plures
2284 1103 2411 1187 quam
2430 1075 2495 1162 sex

941 1201 1206 1292 dimensiones
1221 1201 1428 1292 babentes.
1877 1257 1879 1262 -

1454 1319 1900 1398 COROLLARIUM
1938 1320 1987 1394 11.
2130 1390 2132 1398 .

998 1433 1057 1524 Sit
1083 1464 1169 1521 una
1197 1462 1332 1533 curva,
1361 1433 1549 1532 circulus,
1584 1433 1700 1543 cujus
1728 1432 1840 1514 haud
1863 1432 1986 1546 datur
2004 1430 2154 1529 radius,
2180 1432 2220 1510 bc
2247 1460 2334 1515 non
2361 1434 2497 1545 plures

941 1566 1034 1651 sunt
1053 1589 1179 1674 quam
1203 1558 1351 1672 septem
1372 1557 1591 1668 incognitae
1611 1555 1872 1668 quantitates,
1894 1555 2242 1668 &consequenter
2262 1584 2338 1669 ope
2357 1556 2499 1641 circuli

773 1683 779 1694 ’
943 1693 984 1774 bt
997 1689 1101 1772 datae
1115 1711 1246 1769 curvae
1261 1684 1372 1766 haud
1391 1680 1569 1765 construi
1583 1680 1713 1792 potest
1732 1706 1855 1761 curva
1872 1680 2008 1791 plures
2024 1708 2147 1789 quam
2169 1680 2316 1791 septem
2338 1680 2498 1766 dimen-

943 1813 1071 1898 slones
1090 1811 1257 1909 habens,
1287 1810 1327 1889 te
1356 1807 1405 1891 src
1430 1804 1603 1917 denique
1622 1806 1671 1886 de
1691 1801 1824 1887 curvis
1842 1803 1981 1917 plures
2001 1803 2230 1916 incognitas
2250 1803 2498 1918 quantitates

935 1936 1198 2021 habentibus.

1434 2055 1887 2137 COROLLARIUM
1929 2058 1995 2132 Ill.

954 2219 957 2224 -
999 2164 1110 2251 Data
1129 2166 1170 2247 tc
1188 2162 1417 2277 aquatione
1436 2158 1706 2245 construenda
1725 2162 1765 2240 bs
1781 2157 1865 2241 una
1884 2156 2024 2256 curvri,
2045 2158 2160 2269 cujus
2176 2187 2254 2274 ope
2272 2158 2385 2245 illam
2399 2188 2501 2246 con-

945 2290 1097 2375 struere
1113 2286 1222 2385 licet,
1252 2287 1477 2370 innumera:
1497 2283 1585 2367 aliae
1603 2281 1775 2367 inveniri
1795 2280 1972 2392 possunt,
1993 2310 2169 2392 quarum
2188 2283 2356 2368 absciffae
2374 2285 2415 2367 be
2433 2313 2502 2368 or-

878 2431 881 2436 '
946 2413 1097 2499 dinatae
1114 2411 1259 2494 eadem
1279 2409 1373 2493 sunt
1391 2438 1438 2493 ac
1458 2406 1624 2491 abscissae
1651 2410 1692 2489 δι
1714 2404 1912 2488 ordinatae
1937 2407 2037 2488 datae
2065 2409 2282 2504 curvae„&
2307 2406 2504 2492 ordinatae

947 2540 1000 2626 ad
1026 2563 1168 2620 earum
1196 2532 1527 2619 interseslionum
1553 2531 1710 2645 punsta
1734 2526 1981 2642 pertinentes
2001 2549 2123 2615 entnt
2140 2533 2244 2616 datae
2263 2532 2503 2645 aequationis

947 2660 1111 2749 radices.
1402 2734 1404 2738 ,
1563 2691 1569 2704 ’
2149 2694 2151 2697 ⁴

1005 2789 1083 2869 Hae
1101 2786 1206 2868 datae
1223 2781 1473 2896 aquationes
1500 2782 1546 2867 in
1564 2780 1762 2895 quassibet
1782 2779 2030 2892 quantitates
2049 2783 2253 2868 ducantur
2273 2786 2313 2868 bu
2332 2812 2357 2868 a
2374 2782 2503 2898 seipsrs

947 2908 1234 3006 subducantur,
1256 2908 1485 3021 &aequatio
1503 2907 1699 2994 resultans
1721 2904 1797 2994 erit
1818 2905 1983 3020 quaesrta
1999 2906 2189 3019 aequatio.

1405 3129 1846 3206 COROLLARIUM
1886 3128 1950 3203 IV.

1004 3239 1198 3352 AEquatio
1217 3240 1425 3339 resultans,
1445 3241 1562 3352 cujus
1582 3241 1695 3326 radix
1714 3243 1771 3325 est
1786 3242 1845 3339 (x)
1866 3239 1965 3353 saepe
1979 3241 2102 3325 habet
2117 3241 2318 3354 possibiles
2339 3240 2503 3338 radices,

949 3393 1045 3450 cum
1065 3367 1177 3448 nulla
1196 3368 1318 3448 datur
1334 3365 1525 3479 poffibilis
1544 3364 1785 3463 interseslio,
1806 3366 1836 3446 i.
1853 3396 1883 3448 e.
1899 3367 2037 3448 nullus
2053 3365 2244 3477 poffibilis
2262 3368 2376 3449 valor
2395 3365 2503 3448 ordi-

950 3508 1069 3587 nata,
1097 3491 1137 3572 be
1155 3488 1232 3573 hoc
1246 3489 1293 3573 fit
1314 3512 1363 3575 ut
1382 3491 1538 3582 constat
1564 3519 1585 3574 e
1610 3487 1823 3575 corollario
1848 3491 1899 3571 ad
1925 3492 2133 3601 problema
2152 3491 2236 3576 xiii.
2265 3490 2357 3574 libri
2384 3487 2506 3602 primi
2559 3501 2564 3512 '

949 3614 1117 3725 quando
1135 3614 1225 3694 duae
1241 3613 1304 3696 vel
1322 3616 1457 3727 plures
1477 3613 1643 3699 absciffae
1662 3617 1816 3698 valores
1838 3612 1932 3695 sunt
1945 3612 2053 3698 inter·
2070 3616 2108 3699 se
2127 3619 2313 3730 aequales.

1416 3833 1862 3911 COROLLARIUM
1899 3836 1948 3917 V.

1008 3943 1205 4056 AEquatio
1217 3944 1624 4039 (nmldimensronum
1645 3948 1823 4032 construi
1842 3950 1985 4065 potest,
2002 3948 2176 4033 duarum
2189 3978 2405 4037 curvarum
2416 3983 2506 4067 ope,
2531 3965 2540 3972 “

952 4097 1126 4181 quarum
1146 4068 1412 4154 dimensrones
1439 4070 1483 4154 in
1502 4070 1577 4154 sese
1597 4071 1735 4168 du&
1750 4077 1803 4158 ad
1828 4077 2050 4162 minimum
2067 4094 2232 4189 aequant
2253 4078 2356 4162 datae
2376 4108 2507 4191 aequa·

952 4192 1074 4277 tionis
1095 4192 1193 4287 (nm)
1213 4193 1493 4277 dimenfiones.

1398 4353 1850 4428 COROLLARIUM
1888 4359 1950 4430 v1.

1010 4528 1145 4608 Curva
1156 4536 1213 4626 (n)
1230 4525 1526 4613 dimensionum
1546 4528 1640 4613 duci
1659 4521 1787 4643 potest
1805 4560 1878 4643 per
1899 4533 1974 4633 (nx
1986 4471 2510 4689 ss)punsla:s1ntduae
2534 4477 2546 4498 ι
2676 4601 2679 4608 .

954 4731 1081 4788 curvae
1097 4712 1154 4812 (n)
1175 4709 1215 4786 tr
1230 4715 1298 4805 (m)
1314 4704 1625 4808 dimensronum,
1648 4711 1887 4795 &incurva
1906 4714 1975 4817 (m)
1990 4709 2288 4796 dimensronum
2308 4708 2510 4795 assuman-

955 4925 1025 4989 tur
1043 4907 1300 5017 pluraquam
1317 4905 1415 5022 (nm)
1436 4911 1602 5022 punsla,
1621 4910 1686 4999 sed
1701 4913 1893 5034 pauciora
1908 4941 2034 5024 quam
2050 4846 2307 5062 (anfi-53),
2333 4940 2404 5024 per
2423 4944 2511 5026 quae

895 5055 901 5066 ⁸
955 5083 1176 5196 requiritur
1193 5090 1338 5171 ducere
1353 5115 1519 5171 curvam
1540 5088 1599 5190 (n)
1617 5089 1931 5198 dimensrmum,
1950 5109 2042 5173 tum
2068 5115 2190 5175 curva
2213 5099 2271 5205 (n)
2292 5091 2509 5175 dimensro-

954 5240 1058 5296 num
1086 5214 1222 5297 reduci
1250 5214 1380 5325 potest
1409 5213 1453 5297 in
1483 5215 1582 5298 duas
1602 5218 1664 5299 vel
1693 5221 1841 5329 plures,
1874 5247 2050 5329 quarum
2070 5243 2154 5303 una
2173 5218 2228 5303 est
2247 5220 2370 5304 altera
2387 5247 2509 5303 curva

958 5336 1028 5443 (m)
1048 5334 1360 5423 dimensronum.

2427 5476 2510 5535 co·
2618 5439 2623 5448 ’
