6900 6792
974 942 982 957 .
1317 782 1889 904 ANALYTICn
2198 820 2200 827 '
2281 814 2461 933 mg·

781 1104 784 1109 Ι
831 975 896 1085 cat
915 996 988 1082 has
1008 962 1234 1109 patallelas,
1262 965 1313 1075 ut
1334 990 1493 1075 summa
1518 987 1698 1104 partium
1718 1017 1768 1071 ex
1786 1014 1874 1070 uno
1892 984 2057 1070 secantis
2076 960 2212 1087 latere,
2243 1017 2380 1102 aequa.

830 1116 881 1201 lis
901 1117 949 1203 fit
968 1115 1134 1199 summae
1152 1111 1332 1226 partium
1347 1140 1406 1213 ⁴eii
1433 1114 1561 1197 altero
1579 1109 1745 1196 secantis
1765 1112 1900 1208 latere,
1927 1112 2067 1195 eodem
2087 1114 2211 1196 modo
2236 1113 2380 1200 secabit

830 1232 973 1330 omnes
993 1241 1090 1326 alias
1109 1239 1172 1325 his
1192 1242 1414 1354 parallelas.

1515 1349 1715 1424 CORL

804 1507 807 1516 '
884 1494 1138 1606 Rejiciantur
1157 1523 1300 1579 omnes
1319 1494 1423 1578 datae
1442 1492 1674 1577 fluxionalis
1694 1491 1934 1604 aquationis
1962 1492 2140 1592 termini,
2161 1491 2209 1577 iis
2238 1521 2379 1608 excep·

830 1621 899 1723 tis,
930 1624 974 1706 in
1005 1622 1155 1734 quibus
1177 1621 1442 1707 inveniuntur
1471 1653 1496 1703 n
1516 1623 1556 1701 dc
1583 1649 1701 1702 n-r
1727 1620 2019 1719 dimensiones,
2054 1620 2292 1733 aequationis
2319 1651 2383 1704 re·
2489 1670 2496 1677 ·

829 1747 1015 1833 sultantis
1035 1747 1263 1832 inveniatur
1281 1746 1425 1846 fluens,
1446 1772 1537 1858 quae
1557 1745 1605 1829 sit
1625 1746 1849 1856 algebraica
1867 1775 2002 1845 curva,
2028 1753 2069 1830 dc
2087 1748 2281 1831 diameter
2299 1749 2379 1832 hu-

677 1978 693 1987 „
748 1958 754 1971 ,
831 1875 897 1987 jus
923 1874 1156 1988 algebraicae
1183 1901 1314 1959 curvae
1332 1873 1409 1961 erit
1436 1873 1558 1958 etiam
1584 1872 1816 1958 fluxionalis
1846 1901 1973 1958 curva
1991 1872 2197 1974 diameter,
2231 1877 2271 1957 dc
2297 1875 2384 1963 vice

774 1986 778 1994 ¹
827 2000 950 2086 i'iersa.
1798 2028 1802 2035 ·

1493 2110 1716 2202 couti

886 2256 975 2342 Sint
997 2267 1054 2358 (n)
1078 2253 1293 2367 asymptoti
1311 2251 1542 2338 fluxionalis
1559 2283 1705 2353 curvae,
1727 2252 1845 2362 cujus
1867 2243 2062 2340 numerus
2083 2255 2380 2344 dimensionum

830 2378 887 2466 est
913 2385 995 2474 (n),
1026 2380 1065 2458 dc
1095 2394 1239 2486 agatur
1269 2375 1377 2459 reita
1406 2375 1526 2474 linea,
1551 2405 1717 2460 curvam
1744 2376 1790 2458 in
1821 2380 1882 2477 (n)
1908 2378 2071 2489 punitis
2103 2378 2260 2477 secans,
2288 2401 2379 2463 tuni

830 2505 948 2605 istius-
962 2505 1080 2589 lineae
1099 2504 1257 2588 summa
1276 2503 1468 2616 partium,
1490 2504 1598 2587 inter
1616 2531 1733 2587 crura
1752 2532 1884 2587 curvae
1917 2510 1957 2587 oc
1985 2534 2127 2588 eorum
2147 2506 2380 2619 respestivas

751 2620 754 2626 ¹
829 2630 1075 2743 asymptotos
1098 2627 1427 2741 interceptarum,
1448 2656 1497 2710 ex
1516 2629 1616 2736 uno}
1631 2627 1817 2711 diametri
1836 2631 1973 2727 latere,
2003 2630 2167 2741 aequalis
2193 2632 2250 2713 est
2269 2631 2380 2714 sum-

830 2784 909 2856 mae
927 2755 1107 2869 partium
1126 2754 1232 2837 inter
1246 2783 1376 2840 curvae
1395 2783 1525 2853 crura,
1545 2758 1586 2836 dt
1604 2753 1991 2869 eorumrespcdiivas
2011 2758 2256 2869 asymptotos
2275 2757 2382 2843 inter

831 2896 1055 2994 ceptorum,
1090 2905 1138 2961 ex
1158 2881 1284 2963 altero
1313 2878 1500 2967 diametri
1518 2881 1660 2967 lateret

1371 3087 1876 3164 EXEMPLUMtu

861 3218 867 3225 ¹
886 3214 996 3317 Dat&
1014 3232 1227 3316 fluxionali
1246 3231 1381 3330 curvi,
1404 3234 1447 3315 in
1462 3232 1544 3342 quai
1563 3232 1667 3316 nulli
1688 3232 1955 3316 inveniuntur
1972 3231 2137 3317 termini
2152 3235 2303 3339 (ii-i)
2319 3234 2388 3318 di·

831 3359 1102 3456 mensionum,
1125 3361 1362 3467 &generale
1390 3376 1577 3441 centrum
1596 3360 1719 3441 habet
1739 3385 1872 3441 curva.

888 3487 1045 3567 Eodem
1073 3486 1196 3566 modo
1215 3482 1403 3598 progredi
1422 3483 1515 3571 licet
1533 3484 1577 3566 in
1597 3512 1760 3583 cuivas,
1789 3512 1931 3569 omnes
1953 3485 2041 3569 suas
2066 3483 2282 3569 diametros
2308 3514 2388 3599 pa·
2514 3492 2516 3496 ’

830 3617 989 3702 rallelas
1011 3617 1218 3703 habentes.
2018 3708 2022 3715 ,
2061 3708 2065 3716 ,

1357 3721 1875 3802 ΕΧΕΜΡΕΨΜῙΠ

889 3869 979 3953 Sint
1011 3857 1152 3955 omnes
1183 3872 1378 3955 ordinatae
1404 3871 1669 3955 dimensiones
1694 3872 1747 3955 in
1778 3870 1874 3955 datii
1900 3871 2113 3956 fluxionali
2141 3871 2388 3986 aquatione,

831 4026 975 4109 pares;
1004 4001 1044 4079 dt
1073 4000 1423 4118 correspondentes
1453 4001 1649 4122 ordinatae
1676 4003 1851 4119 naiores,
1880 4004 1918 4082 ἃ
1932 4001 2175 4114 Ιειὲῑίτιῐιῑιϊὶνί
2200 4007 2239 4086 dt
2259 4032 2383 4119 nega-

831 4122 917 4223 eiii,
938 4141 1057 4207 erimt
1069 4124 1177 4208 inter
1194 4127 1231 4208 se
1250 4129 1442 4240 aequales,
1544 4237 1547 4244 .

1322 4315 1741 4398 exemptione
1788 4262 1867 4392 iv,

887 4455 1060 4543 Facilee
1080 4437 1276 4543 methodo
1305 4460 1637 4568 convergentium
1666 4461 1855 4543 serierum
1880 4458 1966 4542 erui
1992 4460 2133 4571 potest,
2160 4476 2265 4570 quot
2290 4459 2385 4544 sunt

831 4614 949 4670 crura
968 4586 1216 4698 parabolica,
1241 4587 1546 4699 hyperbolicave
1563 4629 1582 4685 ς,
1615 4591 1793 4701 pendent
1820 4587 1928 4671 enim
1949 4615 1970 4669 e
1990 4586 2172 4670 terminis
2202 4588 2301 4669 datae
2328 4614 2385 4668 ae-

832 4711 1051 4823 qiiationis,
1087 4742 1263 4826 quorum
1294 4715 1560 4797 dimensiones
1591 4716 1684 4798 sunt
1714 4715 1915 4813 maxima,
1950 4720 1990 4797 dc
2020 4712 2194 4797 inveniri
2225 4712 2391 4826 poffunt

833 4834 972 4953 eidem
1012 4840 1219 4939 methodo,
1251 4838 1333 4950 quai
1361 4839 1590 4951 parabolica
1619 4843 1681 4924 vel
1710 4840 1967 4953 hyperbolica
1996 4837 2228 4949 algebraicae
2256 4864 2388 4923 curvae

833 4986 962 5045 crura.

1427 5075 1459 5154 P
1480 5077 1517 5159 R
1534 5076 1571 5154 O
1592 5077 1638 5159 Β.
1658 5075 1712 5158 ΙΙ.

888 5227 1007 5312 Παίᾶ
1020 5229 1228 5338 fluxionoli
1253 5231 1456 5341 aquatione
1480 5233 1693 5325 relationem
1710 5234 1812 5340 inter
1832 5229 2015 5349 obfciffoot
2037 5240 2114 5335 (x),
2137 5236 2181 5318 iti
2206 5232 2281 5341 ejus
2305 5259 2392 5313 cor-

833 5351 1073 5467 respondentes
1100 5354 1292 5437 ordinatas
1322 5362 1380 5467 (y)
1414 5358 1650 5465 exprimente,
1689 5357 1861 5439 inuenire
1899 5357 2062 5473 absciffies
2100 5361 2144 5442 Gi
2195 5358 2397 5442 ordinatos,

833 5477 972 5586 quondo
993 5477 1214 5563 detentores
1233 5479 1526 5587 ordinotaefiunt
1542 5482 1694 5592 intense
1707 5483 1873 5593 aquales.
2319 5591 2339 5672 I

2342 5617 2403 5672 ῃ.
