6900 6792
956 1053 1020 1118 xx
1317 976 2139 1112 PRAEFATIO.

944 1200 1026 1312 fiut
1042 1196 1259 1310 aquationes
1277 1226 1386 1308 quam
1404 1198 1600 1306 incognita
1625 1196 1864 1310 quantitates,
1892 1195 1936 1277 Ch
1954 1179 2175 1276 inveniatur
2191 1190 2385 1275 communis
2403 1190 2510 1275 divi·

944 1331 1015 1436 sor
1033 1354 1143 1409 unam
1171 1323 1393 1431 incognitam
1412 1323 1656 1431 quantitatem
1678 1322 1751 1428 (x)
1766 1318 1984 1428 solummodo
2011 1320 2211 1415 involvens,
2240 1338 2295 1401 tot
2319 1316 2380 1428 effe
2398 1320 2510 1400 data-

960 1466 1044 1519 rum
1073 1436 1318 1546 aquationum
1347 1435 1502 1531 radices,
1533 1452 1616 1543 quot
1644 1432 1803 1541 diversos
1830 1431 1972 1512 valeres
1991 1429 2096 1512 hahet
2114 1431 2302 1540 incognita
2320 1430 2512 1540 quantitas

962 1564 1059 1670 (x);
1087 1562 1130 1645 ui
1148 1562 1239 1644 duas
1257 1560 1321 1641 vel
1339 1563 1464 1671 plures
1483 1558 1625 1642 radices
1652 1558 1806 1666 aquales
1823 1557 1956 1639 haheat
1977 1556 2164 1668 pradilia
2183 1559 2371 1665 incognita
2390 1586 2509 1666 quan·

959 1687 1065 1781 titas,
1085 1686 1178 1779 &ca
1206 1686 1385 1793 etiamque
1406 1685 1440 1789 st
1464 1711 1631 1765 numerus
1658 1681 1902 1790 aquationum
1921 1681 2039 1787 majm
2052 1681 2109 1792 stt
2137 1711 2244 1793 quarn
2261 1710 2430 1762 numerus
2449 1682 2512 1762 in·

961 1809 1191 1917 cognitarum
1219 1810 1483 1919 quantitatum,
1513 1811 1557 1892 ld
1583 1807 1874 1889 eetermiueneor
1908 1833 2023 1887 omnes
2051 1806 2245 1914 incognita
2272 1806 2512 1913 quantitates,

961 1935 1139 2041 resultare
1155 1937 1373 2042 aquationes
1392 1934 1556 2045 cognitos
1574 1935 1800 2044 quantitates
1814 1934 2028 2045 solummodo
2048 1934 2286 2030 involventes,
2316 1960 2397 2043 qua
2414 1932 2512 2016 dete-

955 2076 1053 2165 gunt
1082 2059 1210 2165 quihus
1234 2059 1368 2164 casthus
1388 2059 1529 2170 possiunt
1552 2058 1615 2168 ff
1632 2059 1848 2169 aquationes
1867 2058 2065 2170 hoq'usmodi
2076 2096 2089 2156 3
2116 2063 2217 2144 &aa
2246 2058 2385 2140 dantur
2400 2058 2514 2140 etiam

960 2184 1132 2293 exempla,
1153 2186 1194 2268 in
1212 2184 1342 2296 quibus
1360 2187 1590 2270 continentur
1607 2203 1682 2267 tres
1699 2185 1917 2295 aquationes
1934 2184 2083 2267 totidem
2096 2183 2300 2293 incognitas
2318 2182 2512 2291 quantita-

956 2327 1010 2389 tes
1030 2307 1220 2407 habentes3
1249 2328 1412 2394 attamen
1432 2340 1506 2393 una
1525 2310 1637 2392 exiis
1656 2308 1719 2391 ad·
1733 2309 1880 2392 libitum
1898 2303 2028 2420 afflomi
2044 2309 2182 2421 potesis
2210 2310 2252 2390 in
2269 2307 2326 2389 his
2344 2306 2513 2417 exemplis

958 2432 1075 2512 datur
1091 2433 1249 2542 aquatio
1266 2435 1477 2517 relationem
1506 2435 1607 2517 inter
1633 2434 1796 2544 cognitas
1814 2435 2039 2543 quantitates
2064 2433 2291 2542 exprimens:
2322 2433 2366 2515 v
2385 2435 2426 2514 in
2443 2431 2514 2511 otc

957 2555 1112 2636 editione
1129 2554 1315 2666 affinitur,
1331 2560 1375 2664 st
1389 2559 1485 2642 modo
1505 2559 1637 2640 dentur
1656 2570 1684 2641 n
1704 2559 1922 2670 aquationes
1944 2559 2034 2666 (m)
2058 2559 2262 2668 incognitas
2288 2551 2514 2667 quantitates

957 2677 1138 2774 hahentes,
1166 2683 1210 2761 ἔθ’
1228 2682 1269 2759 in
1282 2681 1478 2786 predonis
1506 2681 1762 2765 contineantur
1784 2683 1851 2789 (r)
1876 2680 2142 2794 independentes
2168 2679 2384 2789 aquationes
2412 2678 2513 2761 rela-

960 2803 1092 2883 tionem
1106 2802 1322 2909 solummodo
1350 2805 1449 2886 inter
1478 2806 1640 2914 cognitos
1672 2807 1898 2917 quantitates
1924 2806 2140 2903 exhihentes,
2169 2821 2246 2885 tum
2274 2801 2403 2913 sofflomi
2423 2800 2517 2912 pmfe

959 2952 989 3006 n
1006 2970 1060 2987 -
1075 2952 1115 3006 m
1133 2945 1182 3017 -ι-
1201 2953 1221 3006 r
1250 2928 1455 3035 incognitas
1479 2930 1703 3038 quantitates
1731 2930 1783 3014 ad
1807 2927 1971 3025 lihitum3
2001 2927 2103 3012 haud
2118 2925 2254 3037 poffiom
2280 2927 2414 3024 dicere,
2443 2956 2516 3009 an·

897 3093 900 3098 ·
960 3078 1029 3131 non
1059 3049 1223 3159 quadam
1250 3049 1375 3132 dehis
1403 3052 1445 3133 in
1472 3054 1736 3159 aquationibus
1764 3054 2014 3164 dimensionum
2043 3078 2153 3133 unam
2178 3049 2437 3159 stuperautium
2466 3048 2515 3129 ab

960 3169 1047 3252 aliis
1059 3170 1171 3278 prius
1187 3172 1336 3253 tradita
1347 3172 1483 3275 fuere.-
1511 3175 1667 3255 Bezout
1688 3175 1788 3259 dedit
1808 3203 1941 3259 novam
1961 3171 2159 3257 methodum
2177 3161 2397 3253 inveniendi
2407 3171 2514 3252 valo-

961 3322 1038 3377 rem
1056 3323 1075 3372 e
1095 3292 1247 3401 fingulis
1274 3294 1470 3402 incognitis
1487 3295 1762 3403 quantitatibus
1788 3296 1831 3376 in
1844 3291 2075 3403 ſsmplicibus
2102 3294 2389 3404 aquationibus3
2416 3321 2514 3378 nova

959 3415 1139 3498 methodus
1166 3416 1381 3498 inveniendi
1400 3416 1596 3525 pradihhos
1623 3418 1766 3501 valores
1792 3418 1906 3501 etiarn
1923 3415 1965 3498 in
1983 3416 2046 3499 hoc
2066 3431 2169 3526 opere
2186 3415 2371 3502 traditur.
2427 3422 2515 3500 Eu-

961 3543 1067 3623 lerus
1087 3540 1186 3622 dedit
1204 3539 1401 3622 methodum
1420 3538 1633 3623 inveniendi
1653 3537 1841 3625 nonnullas
1858 3542 2088 3651 aquationes,
2116 3567 2273 3651 qnorum
2291 3544 2516 3655 resolutiones

1634 3673 1652 3708 n
1841 3673 1858 3710 fl
2052 3673 2070 3710 ὓ
2255 3676 2273 3713 ὓ

961 3719 1196 3825 innotescunt,
1337 3714 1482 3825 ammo
1509 3743 1605 3820 x.=
1624 3718 1744 3827 aa
1761 3736 1815 3809 ÷
1834 3720 1955 3826 eso)
1972 3734 2025 3807 ÷
2043 3719 2228 3827 oom-
2245 3722 2354 3826 ase)
2371 3725 2515 3817 eruc.

958 3858 1030 3949 pro
1051 3841 1270 3949 resolutione,
1292 3839 1357 3922 nhi
1374 3883 1412 3938 a,
1426 3844 1468 3938 a,
1485 3875 1524 3943 y,
1541 3840 1571 3937 l,
1593 3844 1669 3924 &a
1689 3842 1859 3925 denotant
1877 3841 2097 3953 respellivas
2118 3849 2142 3951 (
2144 3842 2209 3943 m)
2230 3844 2373 3927 radices
2388 3873 2515 3956 aqua-

964 3964 1075 4045 tionis
1097 3963 1186 4068 (m)
1205 3962 1453 4068 dimeefionum
1471 3962 1685 4068 detegenda.
1743 3968 1790 4044 In
1813 3964 1945 4072 primd
1970 3966 2126 4048 editione
2145 3963 2252 4075 hujou
2269 3969 2385 4078 operis
2403 3966 2516 4051 datur
2575 4044 2578 4048 .

960 4086 1145 4199 generalis
1165 4084 1343 4167 methodus
1365 4083 1580 4167 inveniendi
1598 4085 1836 4195 aquationem
1853 4118 1899 4171 ex
1917 4090 1991 4199 ejm
2009 4089 2217 4202 resolutione
2234 4092 2339 4190 datd,
2359 4123 2439 4206 qua
2449 4095 2516 4204 so-

967 4211 1137 4294 lummodo
1154 4211 1274 4318 exigit
1293 4212 1627 4294 exterminationem
1642 4212 1924 4299 irrationalium
1941 4218 2192 4326 quantitatum
2210 4249 2255 4301 ex
2273 4221 2367 4303 dcet
2384 4219 2515 4326 resolu-

966 4336 1063 4419 tione
1072 4373 1085 4430 ;
1114 4336 1155 4415 in
1174 4337 1249 4444 qud
1267 4337 1346 4417 dua
1365 4337 1504 4419 dantur
1519 4364 1623 4421 nova
1644 4340 1833 4447 generales
1851 4341 2006 4425 methodi
2027 4342 2265 4427 irrationales
2292 4346 2518 4457 quantitates

966 4459 1247 4556 exterminandi,
1278 4459 1362 4540 viz.
1391 4461 1489 4544 data
1517 4461 1740 4569 resolutionis
1769 4466 2012 4551 inveniantur
2025 4469 2172 4579 singuli
2197 4471 2335 4580 diversi
2359 4471 2516 4576 valores,

967 4602 1167 4668 contentum
1186 4612 1231 4661 ex
1248 4581 1304 4662 his
1323 4583 1482 4664 omnihus
1503 4585 1691 4667 valoribus
1716 4590 1792 4671 erit
1811 4592 2008 4676 rationalis
2023 4594 2214 4705 quantitas
2240 4597 2416 4705 quaeſsta3
2442 4596 2471 4679 i.
2486 4627 2530 4680 ev·-

954 4757 1247 4882 stirranmos
1265 4760 1453 4866 quantem
1463 4760 1519 4865 ste
1541 4717 1690 4867 hou),
1717 4779 1800 4846 tou
1817 4724 2008 4876 uma),
2028 4812 2047 4888 ρ
2064 4729 2212 4882 hm),
2233 4730 2419 4884 uisu),
2440 4775 2516 4859 vc.

900 4923 904 4936 ¹
971 4954 1081 5018 erunt
1096 4938 1234 5045 diverst
1248 4937 1389 5019 valores
1408 4936 1642 5019 irrationalis
1661 4944 1887 5052 quantitatis
1904 4902 1953 5050 ,ns
1960 4946 2050 5057 (A),
2070 4951 2102 5041 fi
2115 4951 2211 5034 modo
2228 4992 2271 5048 oe,
2288 4995 2318 5074 q.
2335 4993 2372 5055 a,
2387 4993 2422 5054 τ,
2437 4955 2516 5037 &a

960 5061 1042 5170 fine
1078 5061 1289 5169 respelliva
1322 5061 1464 5144 radices
1496 5060 1711 5171 aquationis
1738 5082 1783 5148 x¹³
1796 5092 1962 5149 -1=
1977 5100 2017 5173 0,
2042 5074 2119 5159 &a
2148 5096 2192 5160 ut
2218 5077 2363 5162 docetur
2397 5107 2520 5164 enem-

966 5187 1068 5296 plis:
1099 5209 1144 5265 ex
1163 5184 1233 5268 hdr
1250 5184 1406 5268 methodo
1423 5185 1696 5271 exterminandi
1721 5189 1961 5279 irrationales
1987 5198 2213 5310 quantitates
2230 5230 2256 5284 a
2274 5229 2329 5283 me
2350 5201 2518 5310 primum

2364 5327 2524 5411 iuveutd
