6900 6792
988 773 1122 903 με,
1197 783 1201 790 ’
1463 732 2138 878 M1scue‘enunn

879 1100 996 1183 rign.
1073 1105 1108 1162 1.
1137 1072 1226 1162 Sint
1243 1074 1285 1170 n,
1298 1074 1338 1171 i,
1342 1102 1373 1184 y
1390 1045 1604 1185 respeftive
1622 995 1877 1206 &gli-H,
1903 1040 1982 1150 MI
2002 1066 2042 1147 &
2062 995 2297 1205 -Μ-Ῑ-ἒῘ-Μζ
2317 1080 2407 1152 tum
2426 1073 2570 1162 radius.¹

1011 1276 1251 1354 curvaturae,
1271 1281 1343 1367 per
1359 1253 1590 1376 vulgarium
1607 1247 1842 1338 fluxionum
1858 1245 2070 1362 principia,
2094 1246 2136 1331 in
2155 1243 2314 1362 porreto
2333 1253 2409 1360 (a),
2430 1256 2506 1344 erit

1013 1385 1259 1601 (ff)

1034 1689 1046 1704 -
1071 1669 1116 1724 2..
1139 1638 1344 1722 Scribatur
1354 1663 1428 1750 pro
1443 1634 1596 1717 chorda
1615 1648 1840 1717 curvaturae
1865 1629 2075 1741 inpuneto
2096 1632 2134 1710 Ρ
2151 1631 2191 1712 δι
2216 1631 2431 1743 directione
2452 1636 2568 1734 MP,

1013 1769 1065 1861 R,
1082 1783 1172 1846 tum
1193 1761 1431 1874 subsequens
1451 1756 1662 1869 proportio
1681 1756 1834 1840 invenit
1852 1756 2009 1837 radium
2029 1773 2253 1838 curvaturae
2267 1757 2311 1840 in
2327 1762 2482 1870 puneto
2499 1765 2559 1872 (n)

1013 1883 1228 2001 qunfitum
1408 1885 1511 1964 R—
1524 1909 1545 1962 2
1557 1882 1627 1986 Qu
1646 1875 1766 1980 (MP)
1796 1878 1922 1983 :atla
1939 1902 1967 1961 :t
1982 1879 2071 1985 Qu:
2093 1878 2251 1962 radium
2270 1881 2496 1993 quaesstum.

1678 2067 1709 2140 C
1722 2066 1757 2138 0
1768 2067 1815 2140 R.
1844 2064 1907 2140 Ill.

1034 2287 1040 2300 ι
1070 2186 1129 2270 Sit
1148 2212 1271 2270 curva
1288 2209 1482 2294 generans
1504 2177 1723 2290 algebraica
1742 2206 1876 2276 curva,
1898 2183 1939 2260 δε
1956 2177 2165 2263 notificari
2183 2181 2312 2292 potest
2325 2183 2570 2293 generaliter

1014 2307 1188 2406 curv'ois5
1217 2308 1246 2390 sr
1265 2335 1387 2389 curua
1405 2331 1599 2415 generans
1620 2301 1829 2384 reelificari
1846 2303 1999 2413 potest;
2029 2303 2087 2386 sm
2105 2305 2219 2387 aliter
2237 2334 2330 2389 vero
2349 2335 2448 2391 non.

1071 2435 1120 2514 ln
1139 2458 1295 2541 genere,
1326 2449 1467 2511 utrum
1487 2453 1610 2509 cmva
1627 2452 1822 2533 generans
1842 2426 1898 2508 est
1917 2426 2151 2534 algebraica,
2177 2456 2326 2524 necne;
2353 2432 2569 2523 reetificari

1014 2552 1252 2663 generaliter
1270 2550 1398 2662 potest
1417 2548 1599 2644 curvois,
1620 2546 1649 2628 sr
1667 2531 1825 2628 firirrma
1845 2549 1911 2628 Pl
1916 2548 2018 2638 ÷A
2025 2579 2049 2627 r
2063 2551 2161 2630 MP
2179 2551 2349 2663 exprimi
2369 2557 2498 2666 potest
2516 2558 2569 2645 in

987 2725 999 2734 -·
1015 2673 1247 2790 algebraicis
1267 2671 1450 2756 terminis
1470 2672 1585 2753 lineae
1604 2672 1702 2765 Ml,
1714 2669 1773 2751 sm
1795 2669 1909 2753 aliter
1927 2698 2020 2753 vero
2039 2699 2138 2755 non.

1676 2849 1756 2922 CO
1769 2851 1813 2921 R.
1848 2846 1910 2921 lV.

1071 2961 1181 3045 Dat&
1208 2961 1330 3046 curvi
1357 2964 1596 3057 revolvente,
1624 2959 1815 3058 invenire,
1843 2979 1985 3044 utrum
2011 2961 2103 3045 sunt
2131 2966 2319 3076 quaedarn
2345 2995 2450 3053 areae
2468 2998 2571 3058 cur-

1015 3087 1142 3172 voidis
1162 3089 1430 3200 quadrabiles,
1449 3090 1515 3169 vel
1531 3087 1697 3198 quidam
1718 3114 1846 3184 arcus,
1876 3087 1948 3198 qui
1967 3089 2177 3173 restificari
2195 3091 2376 3203 poll'unta-
2442 3145 2444 3152 ·

1056 3213 1307 3298 'Inveniatur
1328 3216 1373 3315 (fi
1393 3215 1516 3296 modo
1535 3212 1713 3325 poffibile
1733 3210 1796 3310 fit)
1820 3241 1910 3296 area
1928 3217 1990 3296 vel
2011 3243 2125 3300 arcus
2145 3218 2382 3327 generaliter
2394 3221 2439 3305 in
2454 3227 2567 3336 alge·

1016 3340 1159 3425 braicis
1187 3342 1373 3425 terminis
1400 3338 1567 3425 abscillae
1584 3341 1623 3419 &
1643 3339 1850 3438 ordinatae,-
1882 3343 2081 3428 &earum
2108 3343 2366 3430 circularium
2391 3377 2571 3438 arcuum.

947 3541 950 3548 .
1016 3470 1056 3547 &
1083 3467 1459 3578 Logarithmorum.

1074 3593 1196 3674 Fiant
1214 3592 1273 3675 illi
1292 3590 1469 3689 termini,
1490 3590 1518 3672 sr
1538 3592 1662 3673 modo
1680 3589 1766 3672 fieri
1786 3588 1928 3700 potest,
1945 3591 2016 3702 qui
2034 3591 2250 3676 involvunt
2269 3593 2477 3683 circulares
2497 3629 2564 3686 ar·

1018 3744 1089 3801 cus
1113 3721 1152 3798 &
1171 3714 1471 3824 Logarithmos,
1501 3712 1631 3799 nilrilo
1658 3711 1869 3822 respeffiue
1894 3716 2080 3825 aequales,
2110 3717 2148 3794 &
2171 3717 2364 3802 resultant
2382 3727 2564 3809 areae·vel

1019 3865 1148 3932 arcus,
1169 3865 1256 3947 quae
1273 3836 1474 3948 quadrari,
1493 3837 1556 3917 vel
1574 3834 1646 3945 qui
1666 3835 1876 3918 redificari
1896 3837 2070 3945 pollunt.
2206 3855 2210 3862 '

1073 3965 1229 4048 Eodem
1247 3963 1330 4046 fere
1351 3965 1473 4046 modo
1492 3958 1664 4044 inveniri
1683 3959 1847 4072 pollunt
1866 3988 1971 4044 areae
1983 3965 2044 4045 vel
2064 3992 2192 4064 arcus,
2214 3964 2286 4078 qui
2301 3971 2439 4054 datam
2456 3971 2572 4060 inter

1017 4090 1055 4174 se
1075 4091 1226 4172 habent
1246 4089 1496 4172 relationem.

1073 4215 1338 4300 Inveniantur
1355 4214 1592 4326 generaliter
1609 4216 1699 4297 duae
1723 4242 1819 4297 areae
1842 4217 1905 4297 vel
1926 4218 2009 4299 d'uo
2028 4245 2157 4316 arcus,
2186 4219 2357 4304 infinitis
2378 4225 2564 4312 terminis

1018 4342 1185 4427 abscillae
1205 4349 1243 4425 &
1264 4342 1471 4441 ordinatae,
1500 4344 1541 4423 δι
1566 4369 1704 4425 earum
1724 4339 1980 4425 circularium
2001 4373 2169 4427 arcuum
2203 4355 2242 4432 δι
2273 4329 2563 4458 Logarithmo·

1019 4497 1128 4568 rum,
1138 4469 1176 4547 &
1188 4469 1288 4552 fiant
1296 4468 1354 4552 illi
1370 4466 1533 4551 termini
1543 4466 1882 4565 finiti‚circulares
1895 4497 2014 4568 arcus
2029 4471 2067 4547 ἃ
2086 4472 2342 4581 Logarithmi
2353 4476 2567 4587 respeffive

1017 4594 1123 4677 inter
1148 4594 1187 4676 se
1215 4597 1352 4677 datam
1370 4595 1530 4693 habere,
1557 4593 1584 4672 fi
1614 4596 1738 4677 modo
1757 4595 1880 4696 talem
1905 4594 2142 4695 admittunt,
2171 4599 2421 4701 relationem,
2450 4613 2489 4693 δι
2514 4607 2563 4692 fit

1018 4717 1278 4828 propositum.

1074 4841 1114 4922 Si
1132 4868 1222 4922 area
1239 4843 1302 4923 vel
1321 4868 1434 4922 arcus
1454 4839 1564 4923 haud
1583 4838 1753 4924 inveniri
1779 4841 1909 4951 potest
1934 4842 2144 4927 finitorum
2172 4845 2454 4949 terminorum,
2484 4852 2563 4937 cir-

1018 4963 1214 5046 cularium
1238 4992 1404 5047 arcuum
1428 4966 1490 5047 vel
1509 4964 1871 5076 Logarithmorum
1896 4995 1985 5078 ope,
2014 4985 2105 5052 tum
2134 4969 2307 5055 inveniri
2331 4977 2459 5086 potest
2484 5007 2562 5089 ope

1017 5087 1272 5172 infinitarum
1291 5090 1492 5188 serierum,
1512 5092 1551 5170 δι
1576 5089 1822 5203 eprincipiis
1844 5091 1888 5175 in
1912 5094 2090 5179 tractatu
2117 5099 2166 5180 de
2193 5095 2442 5212 fluxionibus
2469 5104 2562 5215 pos-

1017 5233 1082 5298 tea
1099 5215 1301 5302 tradendis
1322 5216 1407 5318 erui
1425 5217 1556 5330 potest
1576 5217 1840 5331 problematis
1859 5217 2029 5310 solutio..
2373 5342 2405 5422 P
2417 5343 2455 5424 R
2467 5342 2548 5424 OB
