6900 6792
948 747 1049 878 136
1189 657 1191 662 Ι
1456 711 2093 844 'mnemia-una.

998 928 1152 1008 Baium
1166 913 1311 1031 species
1331 914 1438 1014 sunt,
1455 917 1516 1001 vel
1535 916 1625 999 duae
1643 911 1855 1025 anguineae
1870 910 2099 1025 hyperbole
2114 911 2392 1025 quammduae
2404 910 2505 999 sunt

944 1048 1107 1163 species;
1135 1048 1196 1128 νε]
1217 1044 1279 1126 hae
1299 1042 1530 1158 hyperbolae
1549 1068 1646 1124 cum
1665 1039 1771 1123 ovasi
1791 1040 1851 1121 νε]
1870 1038 2028 1151 pundio
2052 1025 2118 1122 νε]
2133 1041 2245 1124 nodo
2260 1041 2322 1123 vel
2340 1038 2505 1153 cuspide

944 1172 1051 1259 inter
1069 1173 1130 1254 vel
1152 1187 1268 1252 extra
1292 1165 1568 1278 asymptotos;
1598 1164 1661 1246 vel
1678 1160 1943 1252 cruciformes
1969 1160 2071 1245 fiant
2090 1160 2315 1272 anguineae,
2336 1165 2399 1247 vel
2425 1163 2506 1247 ha·

941 1301 1043 1387 benc
1075 1298 1199 1383 etiam
1232 1297 1389 1382 ovalem
1421 1294 1482 1375 vel
1508 1290 1712 1404 pundbum
1750 1292 1811 1374 vel
1841 1289 1995 1372 nodum
2020 1291 2082 1381 νε]
2111 1286 2331 1403 cuspidem,
2351 1292 2412 1373 vel
2437 1291 2502 1376 bie

945 1419 1242 1522 cruciformiter
1275 1418 1350 1504 sese
1387 1417 1656 1513 intersecant,
1686 1416 1748 1498 vel
1777 1416 1869 1497 duae
1892 1412 1986 1495 sunt
2015 1412 2238 1524 ambigenae
2257 1413 2506 1527 hyperbole,

946 1554 1009 1637 νε]
1028 1552 1092 1636 hee
1110 1549 1341 1661 hyperbolae
1361 1574 1457 1628 cum
1476 1544 1582 1627 ονε]
1599 1543 1659 1628 νε]
1679 1543 1835 1655 ρνηθεο
1856 1543 1917 1624 νε]
1936 1543 2046 1625 nodo
2066 1543 2127 1624 vel
2141 1541 2305 1654 cuspide
2319 1542 2380 1628 νε]
2397 1545 2500 1627 dua-

774 1707 785 1752 ε
946 1680 1023 1761 bus
1042 1675 1242 1771 ovalibus,
1260 1673 1323 1754 vel
1351 1669 1455 1754 ovali
1482 1671 1521 1749 δι
1540 1668 1709 1780 pundo,
1743 1668 1805 1747 νε]
1824 1663 1929 1749 ovali
1948 1667 2104 1748 nodum
2122 1665 2184 1747 νε]
2202 1664 2407 1778 cuspidem
2424 1667 2502 1752 ha·

945 1806 1080 1900 bente,
1107 1802 1171 1883 vel
1194 1798 1356 1881 duobus
1374 1793 1553 1907 pundbis,
1580 1795 1641 1875 vel
1668 1794 1780 1876 nodo
1798 1792 1858 1873 vel
1876 1789 2038 1901 cuspide
2069 1791 2120 1874 ad
2143 1818 2309 1876 curvam
2334 1819 2432 1877 cum
2451 1822 2506 1878 0-

947 1929 1027 2015 vali
1047 1930 1109 2011 vel
1129 1926 1315 2040 pundb03
1347 1924 1409 2006 νε]
1429 1923 1480 2003 ad
1503 1948 1668 2004 curvam
1696 1920 1860 2002 duobus
1887 1917 2005 2000 nodis
2030 1919 2227 2002 ¹vel-nodo
2247 1920 2288 2001 dt
2314 1919 2502 2032 cuspide;

947 2061 1010 2143 νε]
1032 2083 1154 2142 curva
1169 2057 1292 2138 habet
1306 2053 1463 2136 ovalem
1477 2052 1538 2133 vel
1549 2049 1768 2162 pundium
1784 2049 1845 2130 νε]
1865 2047 2036 2144 nodum,
2056 2045 2330 2158 velcuspidem
2348 2078 2399 2132 ex
2414 2048 2521 2135 una.

950 2168 1225 2304 asympiotum
1250 2195 1377 2289 parte,
1412 2178 1452 2258 dc
1480 2177 1654 2271 ovalem,
1677 2176 1739 2256 νε]
1763 2172 1981 2285 Ριιηᾶιιω,,
2006 2173 2070 2255 νε]
2096 2173 2255 2258 nodum
2281 2175 2342 2256 νε]
2369 2174 2501 2287 cuspi-

833 2315 837 2332 '
950 2306 1058 2403 dem,
1084 2332 1133 2387 ex
1158 2300 1285 2387 alteri
1303 2300 1576 2412 asymptotum
1598 2314 1745 2410 parte,
1768 2296 1831 2377 vel
1863 2324 1949 2401 una
1977 2295 2033 2379 est
2063 2297 2283 2408 hyperbola
2310 2296 2505 2412 inscripta

770 2419 774 2424 ¹
950 2434 991 2513 dc
1010 2433 1137 2515 altera
1154 2424 1469 2538 circumscripta,
1484 2423 1548 2506 νε]
1566 2424 1629 2507 hae
1646 2435 1744 2507 cum
1753 2421 1862 2506 ονε]
1881 2423 1945 2505 νε]
1963 2420 2133 2534 ρυηᾶο,
2150 2425 2214 2506 νε]
2231 2425 2389 2510 duabus
2402 2454 2501 2512 ova-

780 2563 784 2569 '
948 2555 1072 2653 libus,
1085 2554 1148 2637 vel
1168 2549 1274 2634 ovali
1287 2553 1328 2633 bc
1347 2548 1519 2660 pundbo,
1541 2549 1602 2630 vel
1621 2546 1728 2630 ovali
1748 2548 1906 2630 nodum
1921 2546 1984 2628 νε]
2000 2544 2204 2658 cuspidem
2222 2545 2410 2647 habente,
2437 2552 2504 2635 νε]

949 2683 1109 2766 duobus
1139 2677 1317 2792 punstis,
1345 2677 1408 2759 vel
1441 2704 1537 2757 cum
1567 2676 1677 2757 nodo
1697 2675 1748 2757 ad
1778 2701 1943 2756 curvam
1964 2671 2168 2784 etiamque
2187 2701 2283 2760 cum
2311 2676 2418 2772 ονε]
2434 2679 2502 2766 νε]

952 2809 1110 2927 puncto
1128 2810 1190 2890 νε]
1211 2808 1323 2889 nodo
1343 2806 1406 2887 vel
1425 2803 1585 2915 cuspide
1608 2831 1660 2885 ex
1677 2800 1754 2886 hac
1767 2803 1830 2883 νε]
1852 2800 1925 2885 illai
1939 2801 2213 2914 asymptotum
2230 2824 2368 2915 parte,
2386 2808 2431 2887 'bc
2447 2805 2508 2890 fic

951 2943 1002 3023 de
1019 2935 1179 3050 cuspide
1194 2936 1245 3017 ad
1264 2957 1456 3029 curvam,
1474 2933 1536 3013 vel
1547 2931 1604 3015 est
1622 2959 1706 3013 una
1720 2956 1842 3016 curva
1860 2928 2050 3042 inscripta
2067 2931 2109 3012 ac
2127 2931 2251 3014 asten
2264 2931 2479 3043 ambigena
2485 2971 2506 3032 ε

746 3069 760 3194 J
896 3109 899 3113 ³
953 3080 1016 3162 νε]
1030 3079 1093 3163 hae
1108 3074 1338 3190 hyperbolae
1357 3072 1511 3156 habent
1524 3069 1646 3156 etiam
1661 3072 1818 3156 ovalem
1836 3071 1896 3174 νε]
1915 3073 2115 3183 Ρειηέὶνινιν
2133 3095 2183 3154 ex
2201 3069 2277 3156 hac
2291 3075 2353 3157 vel
2370 3072 2506 3159 illaa-

952 3207 1206 3324 symptotum
1224 3225 1340 3321 parte
1349 3211 1410 3289 vel
1425 3209 1581 3291 nodum
1596 3210 1658 3291 vel
1674 3206 1897 3320 cuspidem,
1907 3208 1968 3291 vel
1987 3207 2087 3292 duas
2106 3209 2255 3310 uvales,
2270 3209 2506 3300 veiovalem

954 3333 1222 3454 &punsbum
1235 3334 1296 3415 νε]
1309 3334 1394 3414 duo
1404 3337 1557 3443 pundba
1570 3360 1619 3416 ex
1630 3331 1706 3416 hic
1722 3333 1783 3414 νε]
1798 3329 1867 3416 ssle
1885 3360 1934 3415 ex
1950 3331 2090 3417 eidem
2102 3335 2162 3416 vel
2170 3331 2327 3419 diversa
2345 3335 2506 3451 asymp-

858 3451 884 3568 J
951 3481 1089 3547 totum
1115 3478 1242 3572 parte,
1270 3460 1334 3543 vel
1357 3461 1513 3543 ovalem
1540 3462 1697 3543 nodum
1715 3461 1780 3541 νε]
1809 3455 2011 3574 cuspidem
2040 3459 2322 3564 habentemex
2346 3463 2423 3549 hic
2443 3470 2510 3551 νε]

779 3596 780 3599 ‘
955 3585 1025 3669 illi
1039 3585 1314 3696 asymptotum
1329 3603 1456 3695 parte,
1473 3586 1533 3666 νε]
1552 3584 1898 3693 ambigenacurva
1916 3584 2037 3666 habet
2050 3581 2208 3669 nodum
2226 3589 2287 3670 vel
2298 3588 2505 3701 cuspidem

954 3714 994 3796 bc
1012 3712 1170 3795 ovaiem
1189 3714 1250 3794 νε]
1269 3711 1472 3823 pundium
1492 3737 1539 3793 ex
1559 3710 1698 3793 eidem
1721 3713 1782 3794 vel
1810 3710 1966 3795 diversi
1985 3709 2258 3824 asymptotum
2284 3715 2410 3829 purte,
2444 3720 2506 3802 νε]

954 3835 1077 3920 habet
1108 3838 1213 3917 duos
1246 3837 1376 3918 nodos
1403 3838 1464 3917 vel
1501 3838 1659 3917 nodum
1689 3836 1729 3914 bc
1762 3834 1993 3945 cuspidem;
2036 3838 2098 3919 vel
2135 3838 2192 3920 est
2230 3836 2510 3925 conchoidasis

954 3962 1192 4074 hyperbole,
1223 3987 1317 4070 quae
1343 3960 1513 4071 ponitur
1541 3962 1602 4042 vel
1630 3959 1738 4043 inter
1763 3963 1824 4043 vel
1843 3980 1961 4044 extra
1979 3962 2225 4075 asymptotos
2245 3969 2285 4048 dt
2304 3966 2509 4078 anguinea

954 4090 1190 4200 hyperbola,
1209 4090 1271 4170 vel
1299 4087 1362 4169 hae
1392 4089 1544 4172 habent
1569 4087 1675 4172 inter
1700 4115 1765 4171 eas
1794 4091 1953 4174 ovalem
1978 4092 2039 4173 νε]
2063 4096 2261 4203 pundum
2281 4097 2343 4178 νε]
2361 4097 2412 4179 ad
2431 4123 2511 4180 an·
2533 4135 2541 4156 ε

836 4187 848 4223 ’
955 4215 1147 4325 guineam
1168 4216 1229 4296 vel
1258 4212 1561 4299 conchoidalem
1581 4217 1738 4298 nodum
1767 4216 1832 4297 vel·
1848 4215 2066 4330 cuspidem,
2086 4219 2147 4300 vel
2171 4236 2284 4303 extra
2302 4221 2507 4334 asympto-

954 4355 1020 4421 cos
1046 4340 1203 4421 ovalem
1231 4338 1294 4418 νε]
1327 4341 1527 4448 ρυηέὶυηι
1556 4365 1604 4420 ex
1631 4338 1709 4421 hic
1733 4340 1794 4421 vel
1814 4335 1885 4420 illd
1913 4339 2190 4452 asymptotum
2207 4362 2333 4455 parte,
2366 4348 2427 4428 νε]
2455 4345 2510 4429 ad

954 4467 1202 4576 unguine-am
1231 4466 1293 4546 νε]
1319 4465 1630 4550 conchoidalem
1659 4467 1818 4550 nodum
1848 4468 1910 4548 vel
1936 4460 2158 4581 cuspidem,
2176 4471 2238 4553 vel
2255 4499 2386 4556 curvae
2403 4469 2508 4557 fiant

956 4602 1231 4699 cruciformes,
1265 4603 1327 4681 vel
1361 4600 1438 4682 sint
1466 4591 1727 4687 cr11cifurmes
1756 4605 1797 4683 bc
1825 4601 2002 4694 habeant
2028 4619 2141 4687 extra
2166 4631 2231 4687 eas
2256 4608 2418 4694 ovalem
2445 4609 2512 4691 vel·

956 4725 1159 4839 punsbum
1194 4752 1241 4805 ex
1274 4721 1349 4803 hic
1381 4725 1440 4804 vel
1465 4723 1535 4806 illi
1563 4724 1831 4848 asymptptum
1846 4742 1974 4836 parte,
1995 4726 2057 4810 νε]
2074 4728 2132 4811 ad
2161 4727 2405 4838 anguineam
2429 4757 2513 4814 no-

766 4895 776 4912 »
957 4847 1059 4938 dum
1080 4848 1139 4930 vel
1160 4846 1389 4960 cuspidem}
1421 4851 1482 4931 νε]
1502 4848 1560 4939 bis
1580 4851 1682 4934 fiant
1709 4848 1995 4950 cruciformes3
2028 4851 2090 4937 his
2118 4852 2288 4964 denique
2306 4856 2508 4970 speciebus

956 4976 1191 5083 adjiciendae
1212 4978 1306 5062 sunt
1326 4995 1390 5062 tot
1410 4977 1567 5090 species,
1589 4997 1693 5091 quot
1716 4980 1838 5070 habet
1864 4978 1976 5093 prior
1994 4982 2182 5097 aequatiO,
2194 4988 2249 5069 ¹&
2268 4982 2344 5070 erit
2362 5013 2514 5072 nume-

958 5129 1026 5186 rus
1044 5099 1263 5224 specierum
1281 5104 1658 5219 40÷147=1in
2150 5113 2152 5118 '

2396 5332 2511 5446 3.sit
