6900 6792
1070 1291 2291 1421 PRAEFATIO..

899 1723 1037 1885 DE
1065 1718 1298 1806 incrementis
1315 1719 1381 1822 iic,
1401 1745 1484 1831 quoe
1497 1719 1695 1832 gradatim
1713 1748 1775 1804 res
1790 1719 1928 1831 reperit
1946 1719 2175 1832 algebraica‚
2205 1719 2466 1806 narrationem·
2525 1797 2529 1806 ,

1008 1845 1071 1930 tic
1087 1844 1257 1932 contexui
1274 1843 1435 1944 brevem,
1465 1864 1509 1928 ut
1523 1853 1598 1952 sua
1618 1843 1874 1929 inventoribus
1901 1847 2094 1955 deseratur
2109 1845 2254 1955 gloria,
2284 1865 2393 1958 atque
2411 1865 2463 1930 ut

899 1968 948 2052 iis
991 1971 1093 2069 rmul,
1126 1969 1193 2082 qui
1204 1963 1412 2080 progresses
1431 1971 1575 2054 artium
1602 1969 1827 2081 invqligant
1845 1971 2030 2078 curiosus,
2066 1970 2198 2080 aliqud
2216 1971 2267 2074 fit
2284 1988 2456 2080 exparte

885 2095 1143 2204 satisfablum.
1199 2097 1265 2176 Ex
1290 2091 1451 2202 historiis
1479 2095 1572 2176 clar.
1596 2095 1769 2178 virorum
1795 2093 1966 2178 Wallifii
1985 2095 2029 2176 &
2048 2093 2262 2176 Monteclu
2290 2095 2455 2203 quadam
2539 2137 2543 2144 ·

824 2227 827 2232 '
898 2238 1085 2303 mutuatus
1098 2223 1193 2325 firm,
1224 2246 1373 2328 quorum
1390 2219 1489 2300 alter
1508 2218 1722 2302 Harriotto
1743 2219 1897 2334 nosrati
1917 2217 2168 2328 nimissavet,
2198 2218 2295 2300 alter
2312 2218 2455 2326 quidem

893 2333 1045 2450 gallicis
1059 2341 1324 2454 scriptoribus,
1340 2342 1414 2452 sed
1428 2343 1625 2425 humanum
1643 2343 1696 2448 est·
1708 2345 1765 2448 βε
1781 2373 1924 2427 errare.
1983 2340 2320 2452 Agnoscendumest
2347 2341 2455 2450 bisle-

895 2473 998 2551 ns'am
1021 2467 1209 2578 clarifflms‘
1237 2468 1452 2551 Monteclu
1477 2467 1638 2550 omnibus
1662 2467 1753 2550 aliis
1779 2470 1823 2551 ὅ
1852 2467 2040 2578 elegantia*
2065 2468 2186 2550 &rei
2205 2465 2456 2576 philosophica

890 2594 1098 2706 prudentid
1108 2591 1287 2703 prestare
1299 2631 1312 2688 ς
1323 2592 1391 2698 fi’d
1400 2621 1526 2675 rerum
1540 2593 1886 2678 matbematicorum
1889 2593 2045 2702 studsofi
2047 2591 2245 2704 pleniorem
2261 2592 2378 2672 adbuc
2392 2621 2463 2674 re·

897 2719 1097 2803 cantiorum
1115 2718 1365 2800 nonnullorum
1381 2716 1615 2800 inventorum
1628 2717 1818 2826 bisloriam
1836 2715 2049 2824 desiderant.
2107 2717 2365 2820 Controversia
2364 2715 2455 2828 ser·

898 2845 1042 2926 ram'de
1053 2842 1293 2952 procursbus,
1315 2869 1398 2947 qnos
1419 2843 1460 2922 in
1479 2841 1549 2923 bdc
1567 2841 1944 2950 discsplc'ndsecerint
1958 2841 2120 2955 antiqui,
2137 2841 2366 2950 reoiprocare
2383 2840 2467 2925 vin

897 2984 1013 3075 opera
1024 2967 1191 3077 pretium
1209 2966 1310 3046 erit:
1342 2965 1516 3074 vulgares
1541 2983 1640 3046 certe
1658 2965 1909 3050 arithmetica
1926 2965 2162 3077 operationes,
2189 2965 2455 3075 aquationum-

896 3115 965 3198 que
1001 3111 1085 3174 tum·
1103 3091 1330 3198 fimplicinm
1365 3109 1446 3168 tum
1481 3089 1789 3194 quadratiearum
1809 3087 2054 3198 resolutiones
2086 3088 2198 3199 probe
2233 3091 2464 3175 calluerunt..
2519 3119 2523 3128 ·

855 3221 858 3226 ’
898 3212 1163 3318 Diophantus
1183 3208 1498 3298 Alexandrinus,
1534 3209 1601 3311 qni
1615 3211 1881 3310 sterniteiren
1899 3211 2203 3285 annumdar'nini
2223 3213 2318 3312 360,
2350 3213 2453 3320 alge.

897 3334 1134 3442 braislarum,
1170 3354 1320 3438 quorum
1341 3341 1449 3433 opera
1471 3327 1678 3434 superstent,
1712 3323 2054 3434 eslantiquifflmns.
2109 3328 2257 3409 Multas
2273 3333 2453 3442 aquatio-

897 3485 969 3554 nes,
988 3483 1068 3564 qua
1086 3453 1176 3535 duas
1194 3448 1398 3557 incognitas
1419 3449 1647 3558 quantitates
1665 3448 1877 3541 involvunt,
1899 3449 1958 3530 ita
1978 3449 2141 3546 reduxit,
2163 3472 2206 3535 nt
2225 3458 2460 3562 quantitates·

897 3579 1152 3684 innotescerent
1171 3572 1388 3680 incognitum
1417 3570 1580 3680 artesque
1608 3570 1736 3682 quibus
1764 3571 1889 3654 utitur
1916 3572 1958 3653 in
1987 3572 2177 3655 valoribus
2206 3579 2451 3664 rationalibus
2488 3631 2490 3636 ·

896 3703 1124 3790 inveniendis
1142 3697 1227 3781 adeo
1245 3697 1427 3780 concinna
1446 3699 1490 3778 ld
1510 3695 1689 3806 elegantes
1703 3698 1812 3808 fient,
1842 3715 1885 3779 ut
1903 3727 1928 3780 a
1947 3700 2210 3782 recentioribus
2229 3733 2317 3786 raro
2333 3705 2449 3815 stepe-

893 3851 1040 3915 rentur.
1097 3827 1257 3934 Figura
1276 3820 1500 3904 numeraria
1521 3851 1560 3919 0,
1589 3849 1623 3918 1,
1647 3849 1684 3920 2,
1709 3851 1747 3930 3,
1768 3825 1844 3904 &a
1864 3822 1912 3904 ab
1930 3825 2034 3906 Indis
2053 3825 2216 3907 inventa
2235 3829 2289 3908 ad
2304 3827 2455 3912 Arabes-

887 3923 1012 4068 primo
1030 3951 1268 4058 transerunt,
1289 3949 1333 4028 ὃ
1351 3946 1477 4027 deiende
1494 3945 1595 4027 inter
1613 3975 1723 4027 aurcos
1749 3973 1851 4027 1000
1867 3950 1910 4029 [0³
1932 3975 2035 4029 1100
2056 3949 2256 4057 velforsan
2275 3969 2385 4032 antea
2404 3956 2458 4036 iu·

895 4083 994 4188 ustum
1014 4075 1114 4186 apud
1130 4077 1325 4180 Europaeos
1344 4091 1536 4152 uenerunt.
1595 4071 1850 4153 Aritbmeticn
1877 4071 2064 4155 decr'runle's
2078 4076 2278 4182 sternendum
2297 4077 2446 4160 Walli-

894 4207 995 4288 ssum
1015 4201 1062 4284 ab
1084 4199 1281 4281 Arzachel
1299 4198 1343 4278 θ
1362 4195 1693 4303 Regiomontano
1722 4199 1877 4278 circiter
1905 4227 2041 4279 nostrum
2067 4227 2171 4302 1400
2192 4201 2363 4282 inchoata
2384 4205 2454 4309 esl,¹

893 4333 937 4416 ὅ
964 4359 989 4409 a
1018 4323 1203 4410 Pusbach
1231 4349 1376 4431 quoque,
1405 4321 1587 4427 referente
1614 4321 1853 4400 Monteclu:
1898 4323 2050 4402 radium
2079 4324 2220 4430 quidem
2253 4325 2293 4403 iu
2315 4341 2452 4430 partes-

897 4461 1117 4541 60000000
1135 4453 1341 4561 diviserunt
1352 4489 1364 4546 ;
1381 4448 1455 4558 sed
1465 4445 1676 4555 srubliones
1704 4441 1878 4554 inveniffe
1896 4446 2084 4529 decimales
2102 4451 2173 4529 vix
2191 4449 2268 4530 dici
2288 4449 2441 4558 pqffirnt.

893 4579 963 4661 Ad
985 4577 1197 4658 umbilicum
1215 4575 1307 4681 fere
1318 4571 1500 4682 perdentia
1527 4569 1574 4677 νβ
1600 4569 1830 4650 decimulium
1859 4571 2037 4654 rreetbodus
2065 4602 2090 4652 a
2109 4573 2227 4654 Petro
2248 4575 2381 4655 Remo
2400 4578 2443 4660 iu

893 4704 1132 4788 arithmetici
1151 4703 1225 4804 sud
1251 4702 1356 4781 eirca
1374 4727 1509 4780 aureum
1536 4699 1639 4806 1560
1660 4699 1774 4798 editd,
1806 4699 1872 4780 ubi
1892 4699 1988 4782 docet
2008 4701 2049 4783 in
2070 4699 2297 4781 extrahenda*
2314 4703 2454 4784 radice·

892 4827 1116 4940 quadraticd
1128 4825 1305 4908 cubicdve
1322 4824 1373 4930 (st
1388 4822 1478 4933 quid
1493 4823 1729 4930 restduumstt
1746 4823 1818 4932 post
1836 4826 2062 4934 integrorum
2076 4825 2339 4934 operationem)
2347 4845 2439 4936 pro·

889 4958 987 5066 loqui
999 4983 1076 5038 rem
1092 4974 1133 5037 ut
1153 4956 1193 5036 in
1211 4955 1382 5064 integris,
1399 4983 1464 5062 qno
1482 4954 1661 5036 habeatur
1679 4954 1793 5036 radix
1812 4956 1852 5036 iu
1872 4957 2030 5064 integris
2049 4983 2128 5035 cunr
2147 4955 2329 5059 acljnublis
2341 4975 2439 5064 par-

892 5077 1253 5169 tibusdecimalibus.
1296 5080 1489 5189 Idemjam
1508 5080 1751 5189 aretesabluru
1771 5081 1830 5192 ese
1849 5113 1873 5163 a
1894 5079 2265 5189 ressrnteGulielmo
2278 5083 2442 5284 {uqleess

1615 5227 1647 5286 a
2318 5235 2335 5286 o
2363 5234 2437 5314 egre
