6900 6792
851 673 854 678 Ι
989 752 1087 851 ¹32
1462 715 2049 826 MISGELLANEA

1555 1004 1924 1150 ,carru

1586 1311 1589 1316 ’
1650 1319 1854 1401 DERI.

1073 1443 1247 1592 INEAE
1280 1497 1534 1599 fluxionales‚
1569 1497 1791 1583 secundum
1823 1492 1986 1581 ordines
2015 1491 2245 1582 fluxionum
2283 1433 2538 1612 adnationir,

1101 1637 1185 1752 quii
1210 1634 1351 1720 relatio
1370 1631 1476 1717 inter
1501 1632 1679 1717 abscissas
1705 1635 1746 1717 bc
1764 1629 1969 1715 ordinatas
1998 1627 2202 1727 definitur,
2231 1628 2540 1744 distinguuntur

987 1763 1032 1850 in
1057 1764 1217 1850 ordines
1233 1801 1245 1859 ;
1276 1789 1321 1844 ea
1336 1758 1438 1874 linea
1462 1760 1517 1842 est
1535 1757 1658 1872 primi
1675 1756 1909 1844 fluxionaiis
1929 1752 2095 1854 ordinis,
2116 1754 2160 1838 in
2179 1753 2295 1865 cuius
2310 1761 2543 1874 aequatione

988 1891 1226 1979 relationem
1252 1889 1359 1972 inter
1376 1887 1471 1996 ejus
1492 1885 1668 1970 abscissas
1688 1883 1952 1970 &ordinatas
1982 1882 2252 1994 exprimente,
2274 1887 2560 1992 continentur,

987 2017 1245 2104 solummodo
1263 2013 1462 2101 fluxiones
1481 2013 1604 2128 primi
1617 2012 1784 2114 ordinis,
1800 2015 1840 2098 dc
1859 2012 1910 2095 fic
1929 2010 2129 2124 deinceps.

1655 2222 1873 2299 DEF.n

1042 2370 1300 2456 fluxionales
1316 2367 1433 2455 lineae
1446 2366 1621 2479 ejusdem
1638 2366 1807 2466 ordinis,
1825 2366 2044 2452 secundum
2058 2364 2323 2455 dimensiones
2343 2368 2541 2484 aequatio·

989 2500 1068 2599 nis,
1084 2500 1166 2614 quii
1180 2498 1421 2612 exprimitur
1440 2496 1581 2610 relatio
1600 2496 1705 2580 inter
1724 2495 1901 2603 abscissas
1923 2494 1981 2594 (x)
1966 2494 2039 2594 )&
2053 2492 2257 2581 ordinatas
2279 2498 2349 2610 (ι),
2369 2497 2543 2583 simodo

990 2655 1066 2737 pro
1084 2626 1266 2709 fluxione
1282 2624 1449 2709 abscissae
1470 2625 1550 2731 (ii),
1566 2599 1629 2705 uel
1648 2591 1848 2706 ordinatae
1865 2628 1941 2732 (γ’),
1961 2620 2154 2705 scribatur
2171 2650 2199 2701 x
2218 2624 2258 2705 dr
2268 2654 2297 2735 y
2315 2622 2541 2737 resperiive,

990 2755 1032 2832 br
1050 2778 1125 2861 pro
1147 2750 1212 2858 (ie)
1233 2751 1296 2830 vel
1318 2750 1332 2849 (
1339 2750 1400 2859 y)
1421 2745 1615 2831 scribatur
1632 2773 1660 2826 x
1667 2745 1849 2855 1’νείγς
1838 2750 1918 2828 ·&
1942 2745 1993 2832 sic
2017 2745 2216 2859 deinceps,
2240 2744 2435 2862 distingui
2449 2747 2546 2938 pos·

993 2875 1115 2960 sunt
1106 2904 1150 2960 iri
1168 2873 1448 2959 dimensiones.

1668 2987 1701 3068 P
1717 2988 1755 3066 R
1777 2987 1814 3065 O
1830 2986 1875 3068 Β.
1898 2987 1935 3070 1.

847 3143 912 3227 ¹58·
928 3162 975 3227 50·
1048 3144 1376 3257 Datastuxionali
1403 3142 1611 3252 aquatione
1622 3142 1835 3226 relationem
1863 3107 1967 3226 inter
1994 3140 2176 3255 absciffam
2203 3143 2305 3258 (ΑΡ,
2312 3143 2357 3245 x)
2391 3144 2503 3228 ss
2467 3155 2550 3256 aar

993 3274 1183 3360 ordinatas
1205 3276 1319 3382 (PM,
1329 3273 1374 3383 y)
1401 3272 1637 3381 exprimente,
1667 3302 1748 3354 eam
1774 3272 1815 3358 in
1844 3273 2001 3358 alteram
2029 3274 2311 3384 transformare,
2330 3274 2547 3360 relationem

994 3411 1096 3534 inter
1118 3406 1302 3520 absciffam
1333 3404 1476 3517 (ap,z)
1507 3409 1550 3490 ἐν’
1579 3409 1654 3519 ejia
1677 3408 1982 3519 correspondentes
2001 3408 2192 3494 ordinatas
2224 3411 2270 3526 (p
2280 3408 2395 3522 mm)
2412 3410 2545 3528 capri-

994 3550 1158 3618 mentem.

1048 3656 1352 3742 Substituantur
1370 3686 1445 3769 pro
1464 3656 1628 3740 abscissa
1648 3667 1723 3757 (x),
1741 3662 1782 3740 br
1800 3656 1885 3765 ejus
1904 3657 2101 3742 ordinatis
2131 3673 2216 3769 (y),
2233 3660 2383 3743 eaedem
2407 3687 2541 3772 quan-

993 3787 1143 3882 titates,
1164 3812 1255 3894 quae
1273 3782 1317 3865 in
1342 3785 1591 3893 problemate
1609 3784 1745 3896 primo
1766 3782 1990 3866 substituta
2016 3784 2198 3881 fuerunt,
2221 3788 2260 3867 dr
2281 3815 2360 3898 pro
2376 3785 2545 3870 absciffae

997 3927 1042 4014 (x
1015 3916 1057 4005 x)
1079 3911 1118 3990 oc
1139 3905 1420 3989 ordinatarum
1443 3912 1499 4015 (y)
1520 3906 1768 3988 fluxionibus
1789 3904 2085 3989 substituantur
2102 3908 2385 4052 praedidtarum
2410 3938 2544 4021 quaii-

996 4035 1164 4118 citatum
1185 4030 1535 4143 correspondentes
1552 4031 1777 4128 fluxiones,
1807 4034 1846 4112 dc
1872 4031 2190 4118 transformatur
2213 4034 2387 4146 aequatio
2411 4035 2456 4118 in
2485 4038 2552 4119 al-

997 4178 1143 4254 teram,
1172 4154 1436 4239 relationem
1427 4174 1534 4239 inter
1553 4154 1755 4238 abscissam
1775 4155 1860 4264 (ap)
1882 4156 1974 4238 dr
1941 4185 2026 4266 ejus
2046 4155 2294 4255 ordinatas(
2282 4170 2379 4274 ()pm
2412 4159 2549 4272 expri-

998 4285 1193 4354 mentem

1658 4377 1857 4451 ΤΗΕΟ

1054 4527 1217 4607 Harum
1236 4549 1453 4605 curvarum
1479 4522 1626 4605 multae
1641 4521 1734 4604 sunt
1765 4521 2029 4634 proprietates
2056 4518 2370 4631 algebraicarum
2404 4552 2553 4609 curva-

1000 4675 1090 4730 rum
1111 4643 1424 4757 proprietatibus
1444 4647 1637 4755 analogae,
1658 4674 1751 4757 quae
1770 4674 1841 4758 per
1870 4645 2111 4730 methodum
2129 4643 2463 4756 convergentium
2489 4647 2562 4740 sei,

1002 4771 1168 4873 rierum,
1189 4770 1277 4856 erui
1295 4774 1336 4853 u
1355 4771 1618 4855 demonstrari
1637 4771 1812 4884 possunt.
1855 4844 1857 4848 ,

1518 4978 1933 5055 EXEMPLUM
1982 4979 2012 5052 L

1060 5120 1118 5204 Sit
1134 5118 1365 5208 fluxionalis
1395 5151 1517 5208 curva
1533 5126 1588 5221 (n)
1606 5121 1922 5224 dimensionum,
1941 5124 1982 5204 br
2000 5104 2457 5223 ducanturduaeredbae,
2476 5121 2552 5213 sibi

1006 5245 1097 5360 ipsis
1122 5246 1338 5360 parallelae,
1353 5252 1393 5331 dc
1411 5276 1578 5335 curvam
1594 5248 1769 5337 secantes
1794 5248 1837 5349 in
1858 5250 1915 5353 (n)
1940 5247 2103 5364 pundiis
2117 5288 2136 5351 3.
2156 5246 2276 5349 linea,
2297 5275 2388 5360 quae
2417 5248 2476 5333 ita
2493 5246 2551 5331 se-

2490 5389 2556 5465 (fit
