6900 6792
1430 731 1976 886 'ANAEYTM
2402 817 2497 912 ¹1¹47

944 989 1017 1082 pro
1035 968 1324 1078 verticibusstris
1342 967 1547 1077 respersisse
1562 972 1704 1080 panesa
1721 969 1880 1066 habeam
1914 987 2003 1050 tnnc
2021 993 2135 1049 omnes
2146 969 2194 1052 hi
2213 968 2294 1052 coni
2310 992 2419 1056 erunt
2437 976 2500 1057 in·

952 1095 1063 1209 terse
1080 1093 1244 1204 aquales.

1008 1225 1165 1305 Omnes
1192 1221 1254 1304 hae
1284 1218 1575 1332 propositiones
1604 1248 1716 1332 aeque
1747 1220 1939 1333 applicari
1967 1219 2130 1334 poliunt
2161 1221 2205 1304 in
2238 1251 2391 1322 curvas,
2413 1255 2500 1338 quae

942 1335 1023 1436 sbi
1035 1347 1126 1462 ipsis
1145 1347 1189 1430 in
1211 1347 1326 1430 omni
1345 1365 1459 1460 parte
1475 1347 1568 1430 sunt
1589 1376 1788 1431 convexae.
2026 1451 2029 1458 μ

1006 1477 1057 1556 ln
1087 1498 1231 1582 genere
1259 1470 1529 1554 inscribantur
1556 1472 1617 1554 vel
1643 1470 2020 1556 circumscribantur
2047 1471 2172 1569 lineae,
2203 1471 2260 1555 ita
2286 1491 2335 1557 ut
2360 1473 2496 1574 solida,

953 1613 1142 1709 velareae,
1161 1609 1223 1692 vel
1252 1608 1367 1691 lineae
1394 1609 1471 1692 sirit
1490 1608 1680 1706 maxima,
1710 1611 1772 1691 vel
1799 1611 2005 1720 quandam
2027 1608 2132 1692 inter
2161 1609 2197 1692 se
2230 1610 2403 1695 habeant
2422 1615 2493 1695 da-

943 1753 1037 1820 tam
1068 1731 1334 1828 relationem3
1361 1737 1402 1816 bc
1429 1751 1612 1816 mutetur
1640 1734 1843 1846 punstuni
1875 1733 2100 1830 contaetus,
2130 1737 2170 1816 bc
2189 1734 2387 1818 continuo
2419 1737 2498 1819 sint

825 1951 828 1958 ,
950 1861 1087 1960 solida,
1126 1863 1190 1946 vel
1218 1889 1327 1958 area,
1347 1863 1409 1944 vel
1429 1860 1560 1958 liiieae,
1581 1859 1772 1959 maxima,
1796 1863 1856 1943 vel
1877 1861 2053 1943 habeant
2072 1860 2177 1944 inter
2193 1862 2231 1944 se
2248 1863 2497 1958 relationem,

950 2019 1075 2104 quam
1108 1989 1241 2100 erigat
1267 1989 1499 2100 problema;
1529 2007 1619 2070 tum
1647 1987 1782 2086 solida,
1814 1990 2011 2087 areae‚'vel
2031 1988 2159 2086 lineae,
2175 2008 2317 2087 utrum
2336 1992 2387 2073 ab
2406 1992 2497 2089 hoc,
2559 2003 2565 2012 '

951 2117 1011 2200 sel
1031 2117 1082 2199 ab
1101 2114 1177 2198 isto
1193 2115 1349 2225 pune'to
1375 2112 1591 2224 incipiunt,
1626 2131 1746 2196 erunt
1765 2112 1872 2197 inter
1899 2113 1937 2196 se
1965 2112 2147 2225 aqualia,
2178 2115 2239 2194 vel
2267 2109 2497 2226 requisitam

952 2241 1104 2326 habent
1122 2238 1228 2322 inter
1244 2238 1283 2322 se
1298 2237 1547 2320 relationem.

1004 2367 1070 2446 Ex
1097 2363 1308 2474 hypothesi
1327 2361 1438 2445 enim
1459 2360 1595 2458 solida,
1616 2389 1725 2458 areae,
1759 2363 1820 2444 vel
1850 2360 1979 2458 lineae,
2001 2359 2154 2472 semper
2182 2360 2276 2450 sunt
2303 2361 2494 2463 maxima,

952 2495 1027 2576 stc.
1047 2495 1092 2574 u
1106 2493 1392 2603 consequenter
1410 2516 1551 2572 eorum
1571 2487 1821 2572 incrementa
1839 2488 1970 2572 nihilo
1990 2487 2084 2572 sunt
2103 2489 2286 2599 aequalia,
2308 2493 2382 2577 &o
2402 2519 2497 2602 ergo

947 2615 1090 2714 solida,
1126 2643 1240 2712 areae,
1269 2614 1330 2696 vel
1350 2612 1465 2696 lineae
1482 2615 1681 2699 continuo
1699 2613 1806 2696 inter
1824 2614 1861 2697 se
1880 2630 2049 2697 manent
2066 2613 2244 2724 aqualia,
2271 2617 2346 2697 &o

1005 2737 1355 2825 Facileconstabit
1373 2740 1580 2847 quomodo
1601 2737 1892 2851 propositiones
1922 2736 2087 2845 hujusce
2111 2737 2268 2846 generis
2300 2727 2494 2851 applicari

946 2861 1113 2980 poliunt
1140 2861 1185 2946 in
1217 2889 1372 2960 curvas,
1407 2890 1498 2972 quae
1530 2861 1575 2944 in
1605 2861 1684 2946 alia
1716 2879 1831 2973 parte
1859 2863 1953 2945 sunt
1982 2888 2180 2961 concavae,
2214 2861 2259 2948 in
2292 2861 2371 2946 aiis
2404 2890 2498 2947 vero

918 3029 922 3036 ·
944 3015 1145 3074 convexa.

987 3145 1046 3224 Ι4.
1060 3113 1244 3202 invenire
1267 3111 1503 3200 relationem
1518 3114 1625 3199 inter
1643 3114 1768 3200 lineas
1788 3113 2031 3198 diversarum
2051 3142 2280 3199 curvarum.

1003 3244 1122 3332 Datis
1149 3243 1453 3354 aquationibus,
1474 3243 1710 3326 relationem
1737 3242 1843 3332 inter
1865 3241 2058 3354 quasdam
2081 3244 2497 3338 datarumcurvarum

914 3372 1087 3482 *linem
1116 3371 1446 3484 exprimentibus,
1475 3369 1705 3454 inveniatur
1724 3369 1866 3454 relatio
1898 3368 2004 3452 inter
2033 3370 2106 3452 has
2136 3367 2331 3454 lineas&
2356 3369 2495 3466 lineas,

944 3500 1056 3590 inter
1071 3527 1172 3610 quas
1198 3497 1417 3610 requiritur
1436 3497 1588 3595 relatio,
1610 3499 1760 3609 quibus
1779 3495 2071 3610 aquationibus
2093 3496 2281 3598 rediistis,
2303 3497 2495 3582 resultant

888 3725 893 3734 ¹
950 3625 1194 3740 aquationes
1210 3623 1445 3707 relationem
1465 3624 1666 3734 quesitam
1688 3623 1969 3735 exprimentes.

973 3763 976 3768 ’
991 3747 1145 3860 -Hujus
1163 3745 1273 3832 casus
1291 3745 1407 3838 facile
1427 3746 1483 3830 est
1501 3745 1672 3858 adjicere
1690 3750 1884 3860 exempla.
